2798 4838
546 338 548 342 .
608 240 660 296 -’
685 243 761 314 242
777 281 838 301 .-

159 389 266 471 scopIs
288 389 427 469 partium
451 387 555 469 Regni
576 389 741 451 Rorussici
765 384 1021 451 Ochdentalium
1042 406 1187 453 normam
1210 391 1288 454 seri-

157 496 242 580 psit,
264 496 297 557 iu
320 495 532 557 matrimoniis
556 495 665 557 mistIs
689 494 866 556 tenendam.
896 496 945 556 Ex
966 501 1079 558 tenore
1100 495 1288 559 Monumen-

41 667 43 671 .
156 606 264 664 torum
294 602 407 663 borum
437 606 589 682 apparet:
629 599 808 682 peculiares
847 607 1065 664 concessiones
1103 622 1123 664 a
1154 603 1283 666 Summo

132 706 315 788 ,Pontiflce
337 707 460 785 factas,
484 712 516 767 et
538 708 703 786 signanter
734 712 991 770 Deciorotiouem
1013 712 1180 788 Benedicta·
1202 713 1284 772 XIV.

153 832 216 892 pro
239 817 410 876 Hotlondia
432 811 472 873 ad
495 813 680 874 Provincias
704 833 831 893 quoque
854 813 1024 876 Rhenanos
1046 814 1152 895 Regni
1169 816 1283 877 llorus·

156 920 217 982 sici
250 925 429 998 extensam,
458 919 536 978 item
564 923 777 980 assistentiam
809 921 857 981 sic
890 919 1007 982 dictam
1043 913 1227 1005 passivam,
1255 922 1282 983 iu

155 1044 243 1086 mera
265 1025 449 1106 praesentia
472 1022 657 1085 Sacerdotis
681 1026 927 1106 consistentem,
950 1026 1145 1104 admissam,
1169 1047 1209 1088 ac
1227 1007 1280 1088 una

153 1131 313 1194 sancitum
336 1130 455 1191 fnisse:
486 1135 522 1190 ut
543 1150 561 1191 a
584 1131 727 1192 censuris
757 1133 790 1191 in
813 1139 937 1211 partem
960 1131 1175 1214 catholicam,
1208 1153 1279 1214 quac

155 1234 395 1298 conditionibus
424 1236 465 1297 ab
487 1232 638 1296 Ecclesia
659 1239 868 1320 praescriptis
898 1258 933 1301 sc
957 1240 1145 1301 submittere
1167 1242 1278 1320 renuit,

144 1341 319 1404 *vibrandis
342 1325 551 1404 abstineatur.
585 1344 673 1422 Quae
696 1346 802 1405 omnia
832 1344 979 1424 protecto
1008 1345 1040 1406 in
1063 1364 1200 1407 numero
1231 1365 1277 1427 pe·

81 1436 85 1446 ’
155 1447 322 1511 culiasium
346 1449 608 1528 concessionum,
639 1448 873 1528 singularisque
903 1448 1126 1530 indulgentiae
1154 1453 1277 1532 pontib-

154 1556 223 1617 ciac
246 1561 320 1616 sunt
348 1554 504 1618 habenda.
543 1557 586 1623 At
606 1553 685 1616 licet
712 1557 745 1616 in
769 1555 821 1617 bis
849 1555 955 1618 literis
976 1555 1179 1636 Apostolicis
1209 1558 1276 1619 Pius

153 1651 238 1723 VIII.
261 1661 434 1723 confitente
455 1662 490 1722 iu
512 1659 633 1723 celebri
660 1663 860 1724 Ailocuts'ooc
890 1682 947 1723 sua
978 1660 1019 1723 de
1048 1661 1101 1723 die
1136 1668 1188 1725 10.
1210 1665 1275 1725 llcc.

154 1771 246 1841 1837,
271 1770 424 1844 &reporto
446 1769 533 1829 XVI.
565 1786 655 1828 suram
679 1786 817 1846 eousque
840 1766 1012 1848 protulerit
1038 1765 1297 1848 indulgentiam,

150 1878 186 1934 ut
208 1873 376 1934 verissime
399 1871 464 1933 dici
487 1879 582 1951 queat
603 1871 679 1934 illos
702 1872 1009 1953 attigisse-limites,
1033 1893 1115 1954 quos
1137 1880 1273 1952 praetcr-

149 1967 241 2060 gredi
263 1977 354 2040 nefas
378 1980 506 2040 omnino
531 1980 591 2041 sit:
624 1985 714 2059 parte
745 1985 850 2040 tamen
883 1999 921 2042 cx
951 1977 1052 2041 altera
1079 1981 1271 2060 pensandum
1290 1954 1312 2061 Ι,

148 2082 247 2147 slmul
269 2091 337 2164 est,
369 2085 482 2164 Pium,
513 2086 614 2165 probe
638 2087 825 2147 observante
843 2085 961 2146 eodem
984 2085 1167 2167 Gregorio,
1189 2105 1270 2168 aegre

146 2191 293 2270 nonnisi,
316 2210 374 2253 nec
388 2188 518 2253 aliunde
534 2191 576 2252 ad
590 2196 710 2253 tantam
727 2192 955 2271 benignitatem
973 2190 1148 2254 adductum
1165 2191 1268 2271 fuisse,

147 2317 240 2377 quam
268 2298 462 2359 necessitate
494 2296 706 2377 praecavendi
739 2297 920 2380 funestiore
950 2295 1034 2360 mala
1057 2297 1225 2362 Ecclesiae
1243 2304 1267 2360 et

148 2403 246 2465 Clero
270 2401 438 2465 catholico
461 2401 590 2465 illarum
612 2404 778 2484 regionum
802 2423 840 2466 ex
861 2405 1027 2465 intentatis
1051 2391 1148 2466 minis
1170 2406 1264 2467 certis·

146 2510 226 2573 sime
250 2511 431 2571 obventura.
464 2509 587 2571 Deinde
611 2507 835 2590 qualesquales
865 2510 987 2572 fuerint
1010 2529 1065 2572 eae
1096 2512 1263 2574 concessio

104 2626 105 2633 ’
145 2636 220 2679 nes:
246 2617 345 2679 exiis
368 2622 473 2678 tamen
496 2615 689 2695 nilminus,
713 2637 806 2697 quam
829 2615 879 2677 vel
901 2637 964 2677 uno
987 2619 1084 2679 verbo
1104 2619 1199 2679 Pium
1220 2637 1263 2694 ap·

143 2728 300 2804 probasse
328 2729 421 2786 matr.
444 2725 561 2801 mixta,
600 2727 656 2784 aut
684 2742 760 2802 erga
788 2720 847 2784 illa
875 2724 961 2811 iusto
993 2724 1212 2786 connIventius
1236 2740 1262 2783 se

142 2831 303 2911 gessisse,
326 2829 447 2892 inferro
469 2828 563 2892 licet:
594 2831 658 2890 imo
682 2831 791 2910 potius
823 2827 970 2910 plurimis
994 2827 1077 2891 locis
1102 2829 1222 2895 diserte
1240 2832 1263 2890 et

140 2936 302 3018 intrepide
333 2935 511 2998 doctrinam
532 2934 719 3014 Ecclesiae,
750 2935 910 2996 connubia
943 2933 1181 2998 catholicorum
1208 2951 1264 2998 cum

143 3041 316 3103 haereticis
339 3047 524 3102 constanter
546 3041 756 3121 detestantis,
779 3043 960 3122 profitetur.
983 3043 1054 3102 Huc
1079 3061 1157 3103 sane
1178 3040 1265 3125 perti·

139 3152 216 3209 nent
236 3149 471 3209 verbaBrevis:
488 3148 648 3225 „Sanctae
671 3148 748 3208 huic
772 3147 849 3209 Sedi
872 3167 1006 3223 prorsus
1029 3166 1092 3209 non
1114 3146 1196 3211 licet
1215 3143 1264 3210 illa

142 3254 249 3315 omnia
278 3255 481 3336 permIttere,
514 3274 593 3335 quae
623 3255 656 3314 iu
691 3256 765 3315 istis
796 3255 983 3334 regionibus
1016 3253 1058 3315 ad
1089 3255 1179 3318 eius
1193 3253 1264 3335 legis

141 3361 358 3422 executionem
387 3357 544 3440 postulari
574 3361 804 3439 significastis''
822 3354 956 3432 476)-
988 3359 1163 3442 „ignotum
1185 3359 1311 3422 vobis

139 3486 203 3528 non
227 3472 295 3546 est,
318 3463 530 3528 Ecclesiam'
520 3485 623 3542 ipsam
646 3487 664 3526 a
687 3465 853 3526 connubiis
877 3464 1083 3543 huiusmodi,
1108 3487 1193 3546 quae
1213 3483 1264 3528 non
1301 3442 1312 3559 l

139 3593 253 3657 parum
276 3571 512 3649 deformitatis,
538 3577 569 3633 ct
592 3559 770 3652 spiritualis
794 3569 929 3649 periculi
951 3571 1198 3653 praeseferunt,
1219 3560 1312 3634 abd-

129 3678 295 3740 ‘horrere'’
318 3710 360 3722 --
382 3676 607 3758 „exploratum
633 3683 702 3754 est,
734 3675 911 3738 catholicas
935 3696 1113 3758 personas,
1147 3699 1206 3742 seu
1225 3677 1261 3738 si·

106 3821 108 3826 ,
137 3803 193 3847 ros
217 3804 274 3847 seu
296 3783 468 3863 muheres,
502 3803 580 3863 qnae
602 3786 731 3864 nuptias
755 3803 829 3844 curn
853 3781 1042 3845 acatholIcis
1075 3786 1122 3847 ita
1147 3790 1260 3848 contes-
1300 3770 1305 3777 ¹

138 3889 240 3968 bunt,
268 3895 303 3951 ut
325 3909 360 3951 se
382 3896 437 3952 aut
459 3889 600 3951 futuram
631 3888 777 3952 sobolem
808 3887 953 3970 periculo
983 3892 1201 3970 perversIonis
1221 3897 1256 3952 te·
1305 3876 1312 3883 ’

139 4015 227 4058 mere
258 3996 477 4076 committant,
506 4016 568 4057 non
598 3995 692 4057 modo
724 3997 892 4058 canonicas
923 3992 1045 4058 violare
1077 3997 1252 4074 sanctiones,
1310 4060 1312 4083 ε

28 4119 57 4187 J
138 4100 197 4164 sed
219 4100 341 4164 directe
363 4103 458 4164 etiam
481 4103 730 4183 gravissimeque
752 4098 982 4164 innaturalem
1002 4097 1248 4166 aedirInamle·
1298 4090 1312 4217 l

211 4331 278 4401 ι476)
296 4336 430 4406 IntellIgit
447 4338 571 4389 Edictum
589 4339 622 4390 R.
642 4341 675 4390 de
694 4352 764 4390 srrno
784 4337 862 4391 1825.
882 4341 915 4392 de
935 4353 987 4404 quo
1005 4333 1029 4404 b.
1048 4339 1110 4393 105.
