2798 4838
678 279 910 355 ,qop-

693 521 695 526 -
745 469 867 542 ,288
1110 540 1113 545 ,

437 640 441 647 -
532 468 779 671 mres-ensa·
796 624 848 668 ex
864 610 1051 670 Anemo.

201 775 204 778 ’
326 757 496 840 Superiori
523 756 662 836 Seculo,
692 758 888 838 cumprimis,
911 759 1085 819 occasione
1115 741 1348 820 ordinationum

226 851 475 947 Josephinarum
506 861 689 943 complures
715 864 877 926 Austriaoi
906 862 1131 947 Scriptorer,·
1152 863 1236 925 dum
1265 863 1302 924 de
1324 881 1351 924 ro

225 968 457 1034 matrimoniali
486 971 519 1031 in
551 971 736 1051 universum,
764 988 841 1034 suos
871 969 1008 1031 edebant
1038 969 1150 1032 foetus
1186 968 1352 1046 liturarios,

226 1075 267 1139 de
288 1072 406 1138 mixtae
428 1093 554 1156 quoque
576 1073 742 1156 religionis
766 1077 933 1143 connubiis
966 1076 1132 1156 quaepiam
1167 1075 1203 1135 in
1228 1075 1354 1137 medium

226 1179 439 1263 protulerant,
458 1201 539 1262 quae
555 1183 676 1244 anobis
692 1184 725 1244 in
738 1181 875 1244 historia
884 1180 1027 1243 literaria
1045 1180 1257 1261 quaestionis
1275 1181 1354 1241 istim

224 1287 471 1369 haudquaquam
495 1285 623 1350 silentio
652 1288 755 1368 premi
776 1294 920 1368 possunt.
951 1288 1002 1350 Ex
1023 1307 1100 1350 aevo
1124 1291 1261 1349 Martae
1285 1289 1355 1348 Iiu-

224 1398 331 1457 reatae
352 1393 434 1455 dnos
457 1395 676 1456 nominamusr

329 1503 403 1562 453.
435 1498 735 1563 Herculanum
765 1499 1033 1577 0berrauch,
1070 1497 1174 1560 Univ.
1204 1498 1354 1579 Oenipon-

224 1609 319 1669 tanae
341 1605 585 1684 Professorem,
609 1607 717 1684 quiin
739 1609 999 1668 institutionibus
1019 1609 1180 1667 Juetittoe
1204 1608 1355 1666 cartauc-

226 1730 288 1774 noe
317 1731 375 1774 eeu
398 1716 565 1789 Tbeotopa‘a
595 1716 721 1774 Mureti.
751 1717 841 1775 Part.
858 1719 889 1774 3.
923 1715 1100 1789 deotpoutt.
1120 1716 1232 1775 1775.
1251 1694 1355 1772 ’Τιιιιι

224 1821 319 1881 XIII.
350 1825 389 1881 de
411 1823 505 1880 Sucr.
526 1824 624 1880 Matr.
656 1837 723 1896 cop.
743 1824 775 1879 8.
797 1822 833 1892 q.
847 1823 926 1886 998.
954 1823 1045 1879 matr.
1064 1817 1170 1879 mixta
1192 1819 1241 1880 iis
1265 1819 1296 1878 in
1314 1813 1355 1876 lo·

225 1923 292 2003 cir,
323 1924 357 1985 in
387 1925 503 2004 quibus
527 1923 689 1986 Catholici
721 1944 792 1985 oum
814 1924 985 1986 haereticis
1016 1925 1158 2002 pacifice
1186 1929 1356 1998 versantur,

227 2047 266 2092 ex
288 2029 521 2092 consuetudine
544 2031 679 2111 probat,
703 2030 731 2092 si
753 2031 838 2092 absit
860 2027 1038 2108 periculum
1060 2030 1299 2110 perversionis.
1319 2029 1357 2088 lle

227 2137 332 2216 pactis
354 2156 429 2197 vero
453 2137 539 2198 clrca
561 2136 800 2216 religionariam
820 2135 1041 2197 educationem
1064 2133 1213 2216 prolium
1238 2135 1357 2196 statuit:

224 2251 318 2323 pacta
341 2239 380 2303 de
404 2240 495 2321 prole
518 2240 626 2323 aliqua
648 2245 681 2305 ln
704 2244 831 2304 haeresi
860 2240 1024 2303 adunanda
1048 2239 1216 2321 duplicem
1247 2241 1354 2301 babere

224 2367 322 2426 posse
345 2367 494 2419 sensumr
524 2348 574 2411 vel
595 2349 700 2428 boenc,
724 2349 751 2411 ei
773 2347 888 2410 coniux
910 2345 1088 2408 catholicus
1116 2348 1313 2428 promittat,
1332 2352 1373 2406 ιι·

225 2460 426 2534 curaturum,
450 2454 556 2533 idest,
590 2475 647 2516 sua
678 2476 775 2536 opera
797 2454 1000 2528 adiuturum,
1028 2460 1065 2514 ut
1087 2451 1208 2533 proles
1241 2450 1354 2514 haeresi

224 2561 405 2637 imbuatur;
435 2559 485 2622 vel
504 2557 620 2639 ‘hunc,
653 2561 738 2642 quod
769 2562 883 2622 coniux
910 2557 1085 2622 catholicus
1119 2559 1205 2621 velit
1239 2557 1353 2639 permit·

189 2674 191 2678 '
223 2672 313 2747 tere,
346 2675 382 2730 ut
410 2666 520 2748 proles
552 2669 585 2728 iu
616 2687 724 2728 errore
756 2667 928 2739 educetur;
968 2673 1097 2747 pactum
1130 2667 1242 2745 priori
1274 2681 1354 2726 sensu

224 2792 296 2835 esse
318 2793 450 2855 prorsus
480 2774 615 2854 impium
648 2779 680 2833 et
709 2775 742 2834 in
771 2771 860 2834 utillo
890 2792 1028 2852 unquam
1060 2791 1143 2831 casu
1173 2772 1356 2841 honestum

221 2879 255 2941 ln
288 2899 365 2940 casu
395 2881 574 2960 posteriore
607 2899 682 2939 vero
715 2880 835 2940 iustum
864 2879 937 2939 fieri
969 2879 1011 2937 iis
1042 2878 1259 2957 rationibus,
1286 2892 1354 2953 qnae

220 2986 374 3067 pietatem
396 2984 482 3066 proli
513 2985 546 3045 in
570 3005 665 3046 cauea
694 2983 854 3064 spirituali
867 2982 1016 3044 'debitam
1048 2990 1234 3062 superant,
1258 2998 1355 3060 nempe

186 3166 189 3171 Ι
221 3089 351 3171 publica
373 3089 513 3152 utilitate
537 3111 627 3153 sacra
651 3090 815 3169 commoda
838 3097 1065 3151 concernentes
1100 3089 1163 3150 sed
1192 3096 1291 3170 pacta
1318 3094 1353 3147 ta·

220 3193 266 3257 lia
289 3202 364 3257 torno
386 3203 509 3257 tantum
534 3198 680 3258 obtinere
701 3215 819 3276 posse,
843 3197 872 3257 si
895 3193 1088 3275 simpliciter
1115 3203 1150 3256 et
1173 3204 1267 3256 extra
1292 3212 1352 3254 cou-

221 3320 351 3363 seneum
382 3303 577 3363 matrimonii
605 3304 703 3375 fiant;
740 3302 768 3363 oi
798 3310 903 3362 autem
934 3303 967 3362 in
999 3302 1105 3380 ipsam
1142 3301 1351 3362 conditionem

220 3409 418 3472 matrimonii
441 3406 660 3485 adducantur,
682 3409 754 3488 ipso
776 3408 847 3468 iure
869 3413 999 3468 naturae
1021 3405 1094 3466 fore
1120 3405 1182 3467 illa
1206 3404 1306 3468 nulla.

184 3570 185 3573 ,
323 3519 397 3576 454.
428 3513 606 3596 Joseph.
629 3511 798 3576 Valent.
821 3508 981 3594 Eybel‚
1012 3514 1224 3574 introductio
1246 3515 1349 3573 tutu

219 3624 339 3682 Ecolee.
364 3623 607 3681 Ootboliooruue.
634 3624 752 3681 Viennae
767 3625 869 3680 1677.
894 3619 947 3698 qui
968 3617 1025 3678 lib.
1037 3618 1074 3678 ll.
1091 3637 1164 3696 cap.
1179 3623 1234 3680 13.
1252 3619 1345 3692 §.bib

219 3725 314 3787 Tom.
332 3725 387 3786 lV.
411 3724 553 3787 admittit
576 3725 742 3805 equidem,
765 3726 968 3786 matrimonia
992 3743 1027 3783 ea
1048 3722 1246 3786 conditione
1265 3723 1345 3784 inita:

220 3812 281 3910 „nt
301 3829 409 3910 proles
433 3833 467 3892 in
488 3830 666 3912 religione,
696 3833 749 3893 cui
781 3851 860 3892 unus
891 3837 1014 3890 tantum
1038 3848 1242 3908 sponsorum
1270 3825 1340 3891 addi·

220 3941 292 3997 ctus
316 3943 383 4014 est,
406 3936 597 4017 educentur,
621 3936 671 4000 vel
701 3944 736 4000 ut
756 3937 965 4016 religionem,
998 3935 1049 3995 oui
1076 3954 1143 3997 una
1172 3955 1254 4017 pars
1284 3951 1344 3995 eon·

216 4041 414 4103 trahentium
436 4042 565 4106 addicta
589 4050 658 4122 est,
682 4047 777 4107 etiam
800 4043 901 4105 altera
924 4042 1085 4104 assumat''
1116 4061 1177 4102 nec
1211 4045 1346 4105 snbstan-

220 4147 285 4208 tiae
309 4148 469 4227 coniugii,
491 4169 548 4213 nec
568 4148 696 4231 legibus
719 4149 868 4223 civilibus
891 4148 1071 4211 advorsari:
1101 4155 1135 4210 at
1157 4150 1221 4210 snb
1247 4151 1345 4210 obtutu

219 4251 284 4313 fori
305 4253 519 4317 conscientiae
548 4274 726 4338 repugnare
750 4254 895 4339 judicat,
927 4262 962 4315 ut
983 4274 1101 4336 parens
1132 4253 1260 4316 liberos
1280 4267 1345 4312 suos

222 4377 283 4420 non
306 4363 428 4423 tantum
452 4361 572 4442 absque
594 4364 787 4429 necessitate
810 4344 990 4444 permittat,
1017 4358 1074 4422 sod
1093 4365 1128 4424 et
1142 4368 1239 4443 pacto
1261 4375 1344 4438 spon-
