<?xml version="1.0" encoding="UTF-8"?>
<!DOCTYPE html PUBLIC "-//W3C//DTD XHTML 1.0 Transitional//EN"
    "http://www.w3.org/TR/xhtml1/DTD/xhtml1-transitional.dtd">
<html xmlns="http://www.w3.org/1999/xhtml" xml:lang="en" lang="en">
 <head>
  <title>
</title>
<meta http-equiv="Content-Type" content="text/html;charset=utf-8" />
  <meta name='ocr-system' content='tesseract 3.04.00' />
  <meta name='ocr-capabilities' content='ocr_page ocr_carea ocr_par ocr_line ocrx_word'/>
</head>
<body>
  <div class='ocr_page' id='page_1' title='image "./dematrimoniismi01roskgoog_0318.png"; bbox 0 0 2798 4838; ppageno 0'>
   <div class='ocr_carea' id='block_1_1' title="bbox 597 262 829 352">
    <p class='ocr_par' dir='ltr' id='par_1_1' title="bbox 597 262 829 352">
     <span class='ocr_line' id='line_1_1' title="bbox 597 262 829 352; baseline -0.004 -1"><span class='ocrx_word' id='word_1_1' title='bbox 597 262 829 352; x_wconf 76' lang='lat'>-&#39;291-</span> 
     </span>
    </p>
   </div>
   <div class='ocr_carea' id='block_1_2' title="bbox 99 424 1340 928">
    <p class='ocr_par' dir='ltr' id='par_1_2' title="bbox 99 424 1340 928">
     <span class='ocr_line' id='line_1_2' title="bbox 131 424 1274 508; baseline -0.001 -17"><span class='ocrx_word' id='word_1_2' title='bbox 131 437 179 491; x_wconf 77' lang='lat' dir='ltr'><strong>de.</strong></span> <span class='ocrx_word' id='word_1_3' title='bbox 222 425 432 501; x_wconf 73' lang='lat' dir='ltr'><strong>Alipemes‘sser</strong></span> <span class='ocrx_word' id='word_1_4' title='bbox 462 427 641 502; x_wconf 63' lang='lat' dir='ltr'><strong>Religionis·</strong></span> <span class='ocrx_word' id='word_1_5' title='bbox 661 431 729 488; x_wconf 79' lang='lat' dir='ltr'><strong>und</strong></span> <span class='ocrx_word' id='word_1_6' title='bbox 765 424 1032 500; x_wconf 72' lang='lat' dir='ltr'><strong>Ktrcbeufreursd.</strong></span> <span class='ocrx_word' id='word_1_7' title='bbox 1075 428 1274 508; x_wconf 76' lang='lat' dir='ltr'><strong>thrzburg.-</strong></span> 
     </span>
     <span class='ocr_line' id='line_1_3' title="bbox 139 527 1340 612; baseline 0.003 -17"><span class='ocrx_word' id='word_1_8' title='bbox 139 537 241 596; x_wconf 87' lang='grc'><strong><em>1834.</em></strong></span> <span class='ocrx_word' id='word_1_9' title='bbox 264 536 332 592; x_wconf 87' lang='lat' dir='ltr'><strong>Nro</strong></span> <span class='ocrx_word' id='word_1_10' title='bbox 344 535 397 593; x_wconf 88' lang='grc'><strong>81.</strong></span> <span class='ocrx_word' id='word_1_11' title='bbox 416 534 471 592; x_wconf 77' lang='grc'><strong><em>83.</em></strong></span> <span class='ocrx_word' id='word_1_12' title='bbox 487 549 553 590; x_wconf 89' lang='lat' dir='ltr'><strong>non</strong></span> <span class='ocrx_word' id='word_1_13' title='bbox 573 527 705 592; x_wconf 87' lang='lat' dir='ltr'><strong>inutiles</strong></span> <span class='ocrx_word' id='word_1_14' title='bbox 723 530 877 612; x_wconf 75' lang='lat' dir='ltr'><strong>proponit</strong></span> <span class='ocrx_word' id='word_1_15' title='bbox 895 530 1083 595; x_wconf 81' lang='lat' dir='ltr'><strong>reflexiones</strong></span> <span class='ocrx_word' id='word_1_16' title='bbox 1105 533 1138 595; x_wconf 90' lang='lat' dir='ltr'><strong>in</strong></span> <span class='ocrx_word' id='word_1_17' title='bbox 1160 534 1272 599; x_wconf 89' lang='lat' dir='ltr'><strong>adser·</strong></span> <span class='ocrx_word' id='word_1_18' title='bbox 1337 585 1340 590; x_wconf 87' lang='lat'>.</span> 
     </span>
     <span class='ocr_line' id='line_1_4' title="bbox 145 633 1271 717; baseline 0.004 -18"><span class='ocrx_word' id='word_1_19' title='bbox 145 647 171 699; x_wconf 88' lang='lat' dir='ltr'><strong>ta</strong></span> <span class='ocrx_word' id='word_1_20' title='bbox 194 639 425 716; x_wconf 83' lang='lat' dir='ltr'><strong>ileputatorum</strong></span> <span class='ocrx_word' id='word_1_21' title='bbox 449 634 606 697; x_wconf 81' lang='lat' dir='ltr'><strong>Senoniae</strong></span> <span class='ocrx_word' id='word_1_22' title='bbox 629 633 668 696; x_wconf 89' lang='lat' dir='ltr'><strong>de</strong></span> <span class='ocrx_word' id='word_1_23' title='bbox 691 637 891 699; x_wconf 88' lang='lat' dir='ltr'><strong>matrimonio</strong></span> <span class='ocrx_word' id='word_1_24' title='bbox 914 657 977 717; x_wconf 82' lang='lat' dir='ltr'><strong>qrra</strong></span> <span class='ocrx_word' id='word_1_25' title='bbox 999 642 1162 701; x_wconf 90' lang='lat' dir='ltr'><strong>contractu</strong></span> <span class='ocrx_word' id='word_1_26' title='bbox 1193 642 1271 706; x_wconf 91' lang='lat' dir='ltr'><strong>clvi·</strong></span> 
     </span>
     <span class='ocr_line' id='line_1_5' title="bbox 99 739 1271 829; baseline 0.007 -27"><span class='ocrx_word' id='word_1_27' title='bbox 99 800 102 829; x_wconf 47' lang='grc' dir='ltr'>Ι</span> <span class='ocrx_word' id='word_1_28' title='bbox 148 742 186 818; x_wconf 92' lang='lat' dir='ltr'><strong>li,</strong></span> <span class='ocrx_word' id='word_1_29' title='bbox 212 747 244 803; x_wconf 86' lang='lat' dir='ltr'><strong>et</strong></span> <span class='ocrx_word' id='word_1_30' title='bbox 272 761 312 803; x_wconf 83' lang='lat' dir='ltr'><strong>ex</strong></span> <span class='ocrx_word' id='word_1_31' title='bbox 334 741 386 803; x_wconf 85' lang='lat' dir='ltr'><strong>isis</strong></span> <span class='ocrx_word' id='word_1_32' title='bbox 409 741 593 821; x_wconf 88' lang='lat' dir='ltr'><strong>depromtas</strong></span> <span class='ocrx_word' id='word_1_33' title='bbox 623 739 727 821; x_wconf 81' lang='lat' dir='ltr'><strong>qrroad</strong></span> <span class='ocrx_word' id='word_1_34' title='bbox 749 743 949 805; x_wconf 88' lang='lat' dir='ltr'><strong>matrimonia</strong></span> <span class='ocrx_word' id='word_1_35' title='bbox 971 744 1067 805; x_wconf 80' lang='lat' dir='ltr'><strong>mixta</strong></span> <span class='ocrx_word' id='word_1_36' title='bbox 1088 742 1271 810; x_wconf 82' lang='lat' dir='ltr'><strong>conclusio·</strong></span> 
     </span>
     <span class='ocr_line' id='line_1_6' title="bbox 99 827 1273 928; baseline 0.006 -21"><span class='ocrx_word' id='word_1_37' title='bbox 99 836 106 916; x_wconf 70' lang='lat' dir='ltr'><strong>l</strong></span> <span class='ocrx_word' id='word_1_38' title='bbox 155 867 199 909; x_wconf 84' lang='lat' dir='ltr'><strong>res</strong></span> <span class='ocrx_word' id='word_1_39' title='bbox 219 845 364 925; x_wconf 80' lang='lat' dir='ltr'><strong>refellit,</strong></span> <span class='ocrx_word' id='word_1_40' title='bbox 395 867 540 928; x_wconf 84' lang='lat' dir='ltr'><strong>magnam</strong></span> <span class='ocrx_word' id='word_1_41' title='bbox 574 845 795 926; x_wconf 74' lang='lat' dir='ltr'><strong>disparitatem</strong></span> <span class='ocrx_word' id='word_1_42' title='bbox 816 847 1049 928; x_wconf 86' lang='lat' dir='ltr'><strong>principiorum</strong></span> <span class='ocrx_word' id='word_1_43' title='bbox 1070 827 1122 912; x_wconf 35' lang='lat' dir='ltr'><strong>&#39;de</strong></span> <span class='ocrx_word' id='word_1_44' title='bbox 1153 851 1273 914; x_wconf 78' lang='lat' dir='ltr'><strong>vinculi</strong></span> 
     </span>
    </p>
   </div>
   <div class='ocr_carea' id='block_1_3' title="bbox 99 950 1389 1045">
    <p class='ocr_par' dir='ltr' id='par_1_3' title="bbox 99 950 1389 1045">
     <span class='ocr_line' id='line_1_7' title="bbox 99 950 1389 1045; baseline 0.004 -31"><span class='ocrx_word' id='word_1_45' title='bbox 99 954 113 1045; x_wconf 58' lang='lat' dir='ltr'><strong>il</strong></span> <span class='ocrx_word' id='word_1_46' title='bbox 158 951 319 1034; x_wconf 88' lang='lat' dir='ltr'><strong>coniugalis</strong></span> <span class='ocrx_word' id='word_1_47' title='bbox 341 961 455 1017; x_wconf 88' lang='lat' dir='ltr'><strong>natura</strong></span> <span class='ocrx_word' id='word_1_48' title='bbox 478 960 510 1015; x_wconf 90' lang='lat' dir='ltr'><strong>et</strong></span> <span class='ocrx_word' id='word_1_49' title='bbox 531 950 701 1015; x_wconf 88' lang='lat' dir='ltr'><strong>duratione</strong></span> <span class='ocrx_word' id='word_1_50' title='bbox 722 953 806 1014; x_wconf 88' lang='lat' dir='ltr'><strong>intcr</strong></span> <span class='ocrx_word' id='word_1_51' title='bbox 828 951 1014 1016; x_wconf 78' lang='lat' dir='ltr'><strong>catholicos</strong></span> <span class='ocrx_word' id='word_1_52' title='bbox 1037 960 1070 1018; x_wconf 88' lang='lat' dir='ltr'><strong>et</strong></span> <span class='ocrx_word' id='word_1_53' title='bbox 1086 954 1272 1021; x_wconf 83' lang='lat' dir='ltr'><strong>Protestan·</strong></span> <span class='ocrx_word' id='word_1_54' title='bbox 1388 1003 1389 1007; x_wconf 65' lang='lat'><strong>,</strong></span> 
     </span>
    </p>
   </div>
   <div class='ocr_carea' id='block_1_4' title="bbox 99 1056 1322 3671">
    <p class='ocr_par' dir='ltr' id='par_1_4' title="bbox 99 1056 1322 3671">
     <span class='ocr_line' id='line_1_8' title="bbox 160 1056 826 1141; baseline 0.005 -22"><span class='ocrx_word' id='word_1_55' title='bbox 160 1064 195 1120; x_wconf 83' lang='lat' dir='ltr'><strong>tes</strong></span> <span class='ocrx_word' id='word_1_56' title='bbox 212 1061 449 1122; x_wconf 66' lang='lat' dir='ltr'><strong>subvertentem</strong></span> <span class='ocrx_word' id='word_1_57' title='bbox 471 1059 513 1122; x_wconf 90' lang='lat' dir='ltr'><strong>ob</strong></span> <span class='ocrx_word' id='word_1_58' title='bbox 536 1056 647 1120; x_wconf 87' lang='lat' dir='ltr'><strong>oculos</strong></span> <span class='ocrx_word' id='word_1_59' title='bbox 668 1058 826 1141; x_wconf 88' lang='lat' dir='ltr'><strong>ponendo.</strong></span> 
     </span>
     <span class='ocr_line' id='line_1_9' title="bbox 243 1155 1322 1243; baseline 0.006 -17"><span class='ocrx_word' id='word_1_60' title='bbox 243 1169 316 1227; x_wconf 80' lang='lat' dir='ltr'><strong>raa.</strong></span> <span class='ocrx_word' id='word_1_61' title='bbox 343 1155 428 1228; x_wconf 76' lang='lat' dir='ltr'><strong>riser</strong></span> <span class='ocrx_word' id='word_1_62' title='bbox 448 1168 711 1243; x_wconf 60' lang='lat' dir='ltr'><strong>necyomantea</strong></span> <span class='ocrx_word' id='word_1_63' title='bbox 734 1169 826 1227; x_wconf 76' lang='lat' dir='ltr'><strong>naen</strong></span> <span class='ocrx_word' id='word_1_64' title='bbox 855 1169 890 1226; x_wconf 76' lang='lat' dir='ltr'><strong>sn</strong></span> <span class='ocrx_word' id='word_1_65' title='bbox 920 1168 1092 1228; x_wconf 69' lang='lat' dir='ltr'><strong>scorastan.</strong></span> <span class='ocrx_word' id='word_1_66' title='bbox 1123 1171 1272 1232; x_wconf 78' lang='lat' dir='ltr'><strong>uauou-</strong></span> <span class='ocrx_word' id='word_1_67' title='bbox 1317 1222 1322 1231; x_wconf 86' lang='lat'><em>.</em></span> 
     </span>
     <span class='ocr_line' id='line_1_10' title="bbox 161 1271 1273 1356; baseline 0.005 -25"><span class='ocrx_word' id='word_1_68' title='bbox 161 1272 216 1332; x_wconf 78' lang='lat' dir='ltr'><strong>sebe</strong></span> <span class='ocrx_word' id='word_1_69' title='bbox 230 1274 512 1349; x_wconf 71' lang='lat' dir='ltr'><strong>Ks‘relvesszcs&#39;tuap.</strong></span> <span class='ocrx_word' id='word_1_70' title='bbox 541 1271 800 1349; x_wconf 78' lang='lat' dir='ltr'><strong>Ascboffenburp.</strong></span> <span class='ocrx_word' id='word_1_71' title='bbox 822 1275 926 1332; x_wconf 83' lang='grc'><strong><em>1834.</em></strong></span> <span class='ocrx_word' id='word_1_72' title='bbox 950 1276 1017 1334; x_wconf 88' lang='lat' dir='ltr'><strong>Nro</strong></span> <span class='ocrx_word' id='word_1_73' title='bbox 1040 1276 1099 1333; x_wconf 87' lang='grc'><strong>94.</strong></span> <span class='ocrx_word' id='word_1_74' title='bbox 1123 1278 1177 1336; x_wconf 76' lang='grc'><strong><em>83.</em></strong></span> <span class='ocrx_word' id='word_1_75' title='bbox 1199 1294 1273 1356; x_wconf 90' lang='lat' dir='ltr'><strong>pra-</strong></span> 
     </span>
     <span class='ocr_line' id='line_1_11' title="bbox 99 1373 1275 1467; baseline 0.003 -29"><span class='ocrx_word' id='word_1_76' title='bbox 99 1378 114 1467; x_wconf 61' lang='lat' dir='ltr'><strong>t*</strong></span> <span class='ocrx_word' id='word_1_77' title='bbox 162 1375 207 1438; x_wconf 84' lang='lat' dir='ltr'><strong>riu</strong></span> <span class='ocrx_word' id='word_1_78' title='bbox 234 1377 267 1438; x_wconf 90' lang='lat' dir='ltr'><strong>in</strong></span> <span class='ocrx_word' id='word_1_79' title='bbox 298 1373 415 1438; x_wconf 85' lang='lat' dir='ltr'><strong>Silesia</strong></span> <span class='ocrx_word' id='word_1_80' title='bbox 436 1377 611 1439; x_wconf 88' lang='lat' dir='ltr'><strong>Borussica</strong></span> <span class='ocrx_word' id='word_1_81' title='bbox 631 1376 801 1454; x_wconf 85' lang='lat' dir='ltr'><strong>usitatam,</strong></span> <span class='ocrx_word' id='word_1_82' title='bbox 830 1383 921 1439; x_wconf 87' lang='lat' dir='ltr'><strong>matr.</strong></span> <span class='ocrx_word' id='word_1_83' title='bbox 951 1377 1048 1439; x_wconf 83' lang='lat' dir='ltr'><strong>mista</strong></span> <span class='ocrx_word' id='word_1_84' title='bbox 1079 1379 1200 1459; x_wconf 79' lang='lat' dir='ltr'><strong>absque</strong></span> <span class='ocrx_word' id='word_1_85' title='bbox 1225 1379 1275 1442; x_wconf 91' lang='lat' dir='ltr'><strong>di·</strong></span> 
     </span>
     <span class='ocr_line' id='line_1_12' title="bbox 99 1472 1276 1563; baseline 0.008 -22"><span class='ocrx_word' id='word_1_86' title='bbox 99 1472 107 1549; x_wconf 79' lang='lat' dir='ltr'><strong>i</strong></span> <span class='ocrx_word' id='word_1_87' title='bbox 161 1482 288 1543; x_wconf 86' lang='lat' dir='ltr'><strong>scrimine</strong></span> <span class='ocrx_word' id='word_1_88' title='bbox 318 1486 351 1544; x_wconf 89' lang='lat' dir='ltr'><strong>et</strong></span> <span class='ocrx_word' id='word_1_89' title='bbox 381 1482 452 1545; x_wconf 86' lang='lat' dir='ltr'><strong>sine</strong></span> <span class='ocrx_word' id='word_1_90' title='bbox 473 1482 677 1545; x_wconf 79' lang='lat' dir='ltr'><strong>cautionibus</strong></span> <span class='ocrx_word' id='word_1_91' title='bbox 697 1482 738 1543; x_wconf 90' lang='lat' dir='ltr'><strong>ab</strong></span> <span class='ocrx_word' id='word_1_92' title='bbox 759 1479 907 1546; x_wconf 80' lang='lat' dir='ltr'><strong>Ecclesia</strong></span> <span class='ocrx_word' id='word_1_93' title='bbox 938 1484 1148 1563; x_wconf 85' lang='lat' dir='ltr'><strong>praescriptis</strong></span> <span class='ocrx_word' id='word_1_94' title='bbox 1178 1487 1276 1550; x_wconf 87' lang='lat' dir='ltr'><strong>bene·</strong></span> 
     </span>
     <span class='ocr_line' id='line_1_13' title="bbox 162 1585 1276 1674; baseline 0.006 -26"><span class='ocrx_word' id='word_1_95' title='bbox 162 1585 290 1667; x_wconf 88' lang='lat' dir='ltr'><strong>dicendi,</strong></span> <span class='ocrx_word' id='word_1_96' title='bbox 321 1587 530 1668; x_wconf 80' lang='lat' dir='ltr'><strong>perstringit,</strong></span> <span class='ocrx_word' id='word_1_97' title='bbox 554 1586 747 1666; x_wconf 86' lang='lat' dir='ltr'><strong>eandemque</strong></span> <span class='ocrx_word' id='word_1_98' title='bbox 771 1586 935 1650; x_wconf 88' lang='lat' dir='ltr'><strong>doctrinae</strong></span> <span class='ocrx_word' id='word_1_99' title='bbox 959 1586 1147 1652; x_wconf 84' lang='lat' dir='ltr'><strong>Catholicae</strong></span> <span class='ocrx_word' id='word_1_100' title='bbox 1178 1611 1276 1674; x_wconf 84' lang='lat' dir='ltr'><strong>repu-</strong></span> 
     </span>
     <span class='ocr_line' id='line_1_14' title="bbox 161 1671 1274 1776; baseline 0.004 -22"><span class='ocrx_word' id='word_1_101' title='bbox 161 1671 257 1773; x_wconf 76' lang='lat' dir='ltr'><strong>golre,</strong></span> <span class='ocrx_word' id='word_1_102' title='bbox 289 1699 323 1753; x_wconf 91' lang='lat' dir='ltr'><strong>et</strong></span> <span class='ocrx_word' id='word_1_103' title='bbox 349 1694 561 1774; x_wconf 83' lang='lat' dir='ltr'><strong>Presbyteros</strong></span> <span class='ocrx_word' id='word_1_104' title='bbox 592 1694 640 1754; x_wconf 87' lang='lat' dir='ltr'><strong>sic</strong></span> <span class='ocrx_word' id='word_1_105' title='bbox 671 1699 803 1772; x_wconf 82' lang='lat' dir='ltr'><strong>agentes</strong></span> <span class='ocrx_word' id='word_1_106' title='bbox 834 1694 1023 1774; x_wconf 79' lang='lat' dir='ltr'><strong>gravissimo</strong></span> <span class='ocrx_word' id='word_1_107' title='bbox 1053 1696 1274 1776; x_wconf 84' lang='lat' dir='ltr'><strong>responsionis</strong></span> 
     </span>
     <span class='ocr_line' id='line_1_15' title="bbox 161 1798 615 1877; baseline 0.007 -20"><span class='ocrx_word' id='word_1_108' title='bbox 161 1801 230 1860; x_wconf 89' lang='lat' dir='ltr'><strong>oneri</strong></span> <span class='ocrx_word' id='word_1_109' title='bbox 252 1799 439 1877; x_wconf 73' lang='lat' dir='ltr'><strong>obnoxiari,</strong></span> <span class='ocrx_word' id='word_1_110' title='bbox 462 1798 615 1860; x_wconf 85' lang='lat' dir='ltr'><strong>ostendit.</strong></span> 
     </span>
     <span class='ocr_line' id='line_1_16' title="bbox 245 1902 1277 1983; baseline 0.006 -17"><span class='ocrx_word' id='word_1_111' title='bbox 245 1910 317 1967; x_wconf 79' lang='grc'><strong><em>135.</em></strong></span> <span class='ocrx_word' id='word_1_112' title='bbox 338 1903 603 1967; x_wconf 85' lang='lat' dir='ltr'><strong>Franciscus</strong></span> <span class='ocrx_word' id='word_1_113' title='bbox 636 1902 814 1982; x_wconf 76' lang='lat' dir='ltr'><strong>Gelgrr,</strong></span> <span class='ocrx_word' id='word_1_114' title='bbox 846 1908 1085 1983; x_wconf 78' lang='lat' dir='ltr'><strong>Boosorlsunpeo</strong></span> <span class='ocrx_word' id='word_1_115' title='bbox 1116 1910 1195 1969; x_wconf 72' lang='lat' dir='ltr'><strong>siber</strong></span> <span class='ocrx_word' id='word_1_116' title='bbox 1226 1911 1277 1972; x_wconf 81' lang='lat' dir='ltr'><strong>die</strong></span> 
     </span>
     <span class='ocr_line' id='line_1_17' title="bbox 99 2011 1273 2111; baseline 0.005 -43"><span class='ocrx_word' id='word_1_117' title='bbox 99 2042 115 2111; x_wconf 60' lang='lat' dir='ltr'><strong>g</strong></span> <span class='ocrx_word' id='word_1_118' title='bbox 163 2011 411 2088; x_wconf 79' lang='lat' dir='ltr'><strong>Verbarrdluopeo</strong></span> <span class='ocrx_word' id='word_1_119' title='bbox 432 2013 604 2072; x_wconf 77' lang='lat' dir='ltr'><strong>zuuaueo.</strong></span> <span class='ocrx_word' id='word_1_120' title='bbox 626 2012 892 2071; x_wconf 80' lang='lat' dir='ltr'><strong>Sebweizers&#39;acbe</strong></span> <span class='ocrx_word' id='word_1_121' title='bbox 901 2013 1182 2090; x_wconf 75' lang='lat' dir='ltr'><strong>Kircbenzeitunp.</strong></span> <span class='ocrx_word' id='word_1_122' title='bbox 1200 2016 1273 2074; x_wconf 77' lang='lat' dir='ltr'><strong>las·</strong></span> 
     </span>
     <span class='ocr_line' id='line_1_18' title="bbox 99 2114 1273 2209; baseline 0.004 -32"><span class='ocrx_word' id='word_1_123' title='bbox 99 2114 104 2209; x_wconf 63' lang='lat' dir='ltr'><strong>f</strong></span> <span class='ocrx_word' id='word_1_124' title='bbox 161 2132 231 2180; x_wconf 81' lang='lat' dir='ltr'><strong>vem.</strong></span> <span class='ocrx_word' id='word_1_125' title='bbox 252 2121 357 2179; x_wconf 83' lang='grc'><strong><em>1834.</em></strong></span> <span class='ocrx_word' id='word_1_126' title='bbox 387 2137 418 2193; x_wconf 79' lang='lat' dir='ltr'><strong>p.</strong></span> <span class='ocrx_word' id='word_1_127' title='bbox 443 2121 499 2176; x_wconf 84' lang='grc'><strong>86.</strong></span> <span class='ocrx_word' id='word_1_128' title='bbox 530 2124 562 2176; x_wconf 84' lang='lat' dir='ltr'><strong>et</strong></span> <span class='ocrx_word' id='word_1_129' title='bbox 588 2119 654 2177; x_wconf 87' lang='lat' dir='ltr'><strong>Nro</strong></span> <span class='ocrx_word' id='word_1_130' title='bbox 675 2119 728 2176; x_wconf 89' lang='grc'><strong><em>13.</em></strong></span> <span class='ocrx_word' id='word_1_131' title='bbox 751 2119 805 2176; x_wconf 77' lang='grc'><strong>33.</strong></span> <span class='ocrx_word' id='word_1_132' title='bbox 827 2114 1005 2179; x_wconf 86' lang='lat' dir='ltr'><strong>catholicas</strong></span> <span class='ocrx_word' id='word_1_133' title='bbox 1036 2135 1073 2178; x_wconf 87' lang='lat' dir='ltr'><strong>ex</strong></span> <span class='ocrx_word' id='word_1_134' title='bbox 1103 2118 1273 2199; x_wconf 82' lang='lat' dir='ltr'><strong>principiis</strong></span> 
     </span>
     <span class='ocr_line' id='line_1_19' title="bbox 99 2218 1276 2306; baseline 0.005 -25"><span class='ocrx_word' id='word_1_135' title='bbox 99 2235 102 2275; x_wconf 72' lang='grc' dir='ltr'>ι</span> <span class='ocrx_word' id='word_1_136' title='bbox 161 2220 308 2284; x_wconf 73' lang='lat' dir='ltr'><strong>Ecclesiae</strong></span> <span class='ocrx_word' id='word_1_137' title='bbox 332 2228 364 2283; x_wconf 88' lang='lat' dir='ltr'><strong>et</strong></span> <span class='ocrx_word' id='word_1_138' title='bbox 385 2219 523 2282; x_wconf 88' lang='lat' dir='ltr'><strong>decretis</strong></span> <span class='ocrx_word' id='word_1_139' title='bbox 544 2220 739 2282; x_wconf 85' lang='lat' dir='ltr'><strong>Pontificum</strong></span> <span class='ocrx_word' id='word_1_140' title='bbox 762 2218 915 2285; x_wconf 83' lang='lat' dir='ltr'><strong>deductas</strong></span> <span class='ocrx_word' id='word_1_141' title='bbox 946 2223 1187 2287; x_wconf 88' lang='lat' dir='ltr'><strong>observationes</strong></span> <span class='ocrx_word' id='word_1_142' title='bbox 1216 2244 1276 2306; x_wconf 91' lang='lat' dir='ltr'><strong>op-</strong></span> 
     </span>
     <span class='ocr_line' id='line_1_20' title="bbox 99 2324 1279 2406; baseline 0.004 -19"><span class='ocrx_word' id='word_1_143' title='bbox 99 2364 101 2371; x_wconf 92' lang='lat'>·</span> <span class='ocrx_word' id='word_1_144' title='bbox 161 2328 233 2406; x_wconf 87' lang='lat' dir='ltr'><strong>ponit</strong></span> <span class='ocrx_word' id='word_1_145' title='bbox 254 2326 400 2390; x_wconf 90' lang='lat' dir='ltr'><strong>articulis</strong></span> <span class='ocrx_word' id='word_1_146' title='bbox 423 2326 650 2389; x_wconf 79' lang='lat' dir='ltr'><strong>Conferentiae</strong></span> <span class='ocrx_word' id='word_1_147' title='bbox 672 2325 828 2389; x_wconf 82' lang='lat' dir='ltr'><strong>Bedeusis</strong></span> <span class='ocrx_word' id='word_1_148' title='bbox 859 2328 892 2389; x_wconf 90' lang='lat' dir='ltr'><strong>in</strong></span> <span class='ocrx_word' id='word_1_149' title='bbox 914 2324 1080 2391; x_wconf 86' lang='lat' dir='ltr'><strong>Helvetia:</strong></span> <span class='ocrx_word' id='word_1_150' title='bbox 1115 2348 1176 2392; x_wconf 90' lang='lat' dir='ltr'><strong>una</strong></span> <span class='ocrx_word' id='word_1_151' title='bbox 1198 2350 1279 2392; x_wconf 88' lang='lat' dir='ltr'><strong>con·</strong></span> 
     </span>
     <span class='ocr_line' id='line_1_21' title="bbox 125 2415 1274 2513; baseline 0.007 -21"><span class='ocrx_word' id='word_1_152' title='bbox 125 2415 128 2418; x_wconf 29' lang='lat'><strong>⁴</strong></span> <span class='ocrx_word' id='word_1_153' title='bbox 162 2433 273 2513; x_wconf 84' lang='lat' dir='ltr'><strong>itetur,</strong></span> <span class='ocrx_word' id='word_1_154' title='bbox 295 2435 382 2495; x_wconf 88' lang='lat' dir='ltr'><strong>inter</strong></span> <span class='ocrx_word' id='word_1_155' title='bbox 403 2433 556 2513; x_wconf 90' lang='lat' dir='ltr'><strong>coniuges</strong></span> <span class='ocrx_word' id='word_1_156' title='bbox 578 2433 694 2496; x_wconf 82' lang='lat' dir='ltr'><strong>mixtae</strong></span> <span class='ocrx_word' id='word_1_157' title='bbox 715 2431 884 2513; x_wconf 86' lang='lat' dir='ltr'><strong>religionis</strong></span> <span class='ocrx_word' id='word_1_158' title='bbox 906 2453 1012 2496; x_wconf 85' lang='lat' dir='ltr'><strong>veram</strong></span> <span class='ocrx_word' id='word_1_159' title='bbox 1030 2435 1274 2500; x_wconf 84' lang='lat' dir='ltr'><strong>consensionem</strong></span> 
     </span>
     <span class='ocr_line' id='line_1_22' title="bbox 99 2536 1234 2621; baseline -0.003 -16"><span class='ocrx_word' id='word_1_160' title='bbox 99 2554 102 2605; x_wconf 79' lang='grc' dir='ltr'>ἶ</span> <span class='ocrx_word' id='word_1_161' title='bbox 161 2540 299 2621; x_wconf 82' lang='lat' dir='ltr'><strong>cogitari,</strong></span> <span class='ocrx_word' id='word_1_162' title='bbox 323 2546 356 2600; x_wconf 87' lang='lat' dir='ltr'><strong>et</strong></span> <span class='ocrx_word' id='word_1_163' title='bbox 377 2540 472 2601; x_wconf 86' lang='lat' dir='ltr'><strong>finem</strong></span> <span class='ocrx_word' id='word_1_164' title='bbox 495 2541 637 2620; x_wconf 86' lang='lat' dir='ltr'><strong>coniugii</strong></span> <span class='ocrx_word' id='word_1_165' title='bbox 659 2536 751 2619; x_wconf 87' lang='lat' dir='ltr'><strong>plene</strong></span> <span class='ocrx_word' id='word_1_166' title='bbox 775 2539 914 2603; x_wconf 88' lang='lat' dir='ltr'><strong>obtineri</strong></span> <span class='ocrx_word' id='word_1_167' title='bbox 938 2539 1032 2601; x_wconf 85' lang='lat' dir='ltr'><strong>haud</strong></span> <span class='ocrx_word' id='word_1_168' title='bbox 1046 2558 1153 2619; x_wconf 87' lang='lat' dir='ltr'><strong>posse.</strong></span> <span class='ocrx_word' id='word_1_169' title='bbox 1173 2537 1234 2615; x_wconf 81' lang='lat'>⁵⁵⁶)</span> 
     </span>
     <span class='ocr_line' id='line_1_23' title="bbox 99 2641 1273 2724; baseline 0.001 -17"><span class='ocrx_word' id='word_1_170' title='bbox 99 2656 103 2724; x_wconf 68' lang='lat' dir='ltr'><strong>l</strong></span> <span class='ocrx_word' id='word_1_171' title='bbox 247 2651 320 2708; x_wconf 84' lang='grc'><strong><em>136.</em></strong></span> <span class='ocrx_word' id='word_1_172' title='bbox 344 2645 485 2707; x_wconf 87' lang='lat' dir='ltr'><strong>Simon</strong></span> <span class='ocrx_word' id='word_1_173' title='bbox 507 2641 784 2723; x_wconf 86' lang='lat' dir='ltr'><strong>Buclrielner,</strong></span> <span class='ocrx_word' id='word_1_174' title='bbox 806 2647 1028 2720; x_wconf 78' lang='lat' dir='ltr'><strong>Belebrunpeu</strong></span> <span class='ocrx_word' id='word_1_175' title='bbox 1048 2649 1126 2706; x_wconf 75' lang='lat' dir='ltr'><strong>siber</strong></span> <span class='ocrx_word' id='word_1_176' title='bbox 1148 2650 1200 2708; x_wconf 77' lang='lat' dir='ltr'><strong>die</strong></span> <span class='ocrx_word' id='word_1_177' title='bbox 1218 2651 1273 2708; x_wconf 78' lang='lat' dir='ltr'><strong>al·</strong></span> 
     </span>
     <span class='ocr_line' id='line_1_24' title="bbox 99 2744 1276 2831; baseline -0.001 -16"><span class='ocrx_word' id='word_1_178' title='bbox 99 2744 110 2771; x_wconf 75' lang='lat'><strong>&#39;&#39;</strong></span> <span class='ocrx_word' id='word_1_179' title='bbox 161 2754 454 2831; x_wconf 70' lang='lat' dir='ltr'><strong>bimaipmocbeoae</strong></span> <span class='ocrx_word' id='word_1_180' title='bbox 481 2753 625 2828; x_wconf 67' lang='lat' dir='ltr'><strong>Religion</strong></span> <span class='ocrx_word' id='word_1_181' title='bbox 651 2755 721 2811; x_wconf 79' lang='lat' dir='ltr'><strong>ond</strong></span> <span class='ocrx_word' id='word_1_182' title='bbox 750 2752 888 2831; x_wconf 72' lang='lat' dir='ltr'><strong>Karene,</strong></span> <span class='ocrx_word' id='word_1_183' title='bbox 920 2753 975 2810; x_wconf 80' lang='lat' dir='ltr'><strong>die</strong></span> <span class='ocrx_word' id='word_1_184' title='bbox 1004 2752 1191 2812; x_wconf 82' lang='lat' dir='ltr'><strong>Sebraulren</strong></span> <span class='ocrx_word' id='word_1_185' title='bbox 1218 2757 1276 2815; x_wconf 82' lang='lat' dir='ltr'><strong>der</strong></span> 
     </span>
     <span class='ocr_line' id='line_1_25' title="bbox 160 2857 1273 2934; baseline -0.001 -14"><span class='ocrx_word' id='word_1_186' title='bbox 160 2860 347 2922; x_wconf 64' lang='lat' dir='ltr'><strong>vbffstb&#39;obers</strong></span> <span class='ocrx_word' id='word_1_187' title='bbox 367 2862 537 2934; x_wconf 78' lang='lat' dir='ltr'><strong>Duldunp,</strong></span> <span class='ocrx_word' id='word_1_188' title='bbox 567 2861 637 2916; x_wconf 80' lang='lat' dir='ltr'><strong>und</strong></span> <span class='ocrx_word' id='word_1_189' title='bbox 666 2861 725 2918; x_wconf 76' lang='lat' dir='ltr'><strong>das</strong></span> <span class='ocrx_word' id='word_1_190' title='bbox 746 2858 981 2932; x_wconf 77' lang='lat' dir='ltr'><strong>Ns&#39;cbtpenb&#39;pess</strong></span> <span class='ocrx_word' id='word_1_191' title='bbox 1001 2857 1088 2915; x_wconf 78' lang='lat' dir='ltr'><strong>eiuea</strong></span> <span class='ocrx_word' id='word_1_192' title='bbox 1108 2874 1174 2918; x_wconf 73' lang='lat' dir='ltr'><strong>esur</strong></span> <span class='ocrx_word' id='word_1_193' title='bbox 1194 2861 1273 2919; x_wconf 86' lang='lat' dir='ltr'><strong>ebr-</strong></span> 
     </span>
     <span class='ocr_line' id='line_1_26' title="bbox 161 2961 1273 3038; baseline 0.001 -14"><span class='ocrx_word' id='word_1_194' title='bbox 161 2965 243 3026; x_wconf 80' lang='lat' dir='ltr'><strong>b&#39;cbess</strong></span> <span class='ocrx_word' id='word_1_195' title='bbox 253 2967 406 3026; x_wconf 81' lang='lat' dir='ltr'><strong>Waudela</strong></span> <span class='ocrx_word' id='word_1_196' title='bbox 425 2979 489 3025; x_wconf 69' lang='lat' dir='ltr'><strong>zur</strong></span> <span class='ocrx_word' id='word_1_197' title='bbox 509 2965 696 3038; x_wconf 76' lang='lat' dir='ltr'><strong>Erloopuup</strong></span> <span class='ocrx_word' id='word_1_198' title='bbox 717 2966 774 3023; x_wconf 81' lang='lat' dir='ltr'><strong>der</strong></span> <span class='ocrx_word' id='word_1_199' title='bbox 795 2961 913 3038; x_wconf 78' lang='lat' dir='ltr'><strong>ceos‘pers</strong></span> <span class='ocrx_word' id='word_1_200' title='bbox 922 2963 1085 3036; x_wconf 76' lang='lat' dir='ltr'><strong>Seliplses‘t:</strong></span> <span class='ocrx_word' id='word_1_201' title='bbox 1105 2967 1155 3024; x_wconf 83' lang='lat' dir='ltr'><strong>als</strong></span> <span class='ocrx_word' id='word_1_202' title='bbox 1171 2965 1273 3024; x_wconf 82' lang='lat' dir='ltr'><strong>War-</strong></span> 
     </span>
     <span class='ocr_line' id='line_1_27' title="bbox 162 3070 1276 3149; baseline 0.002 -21"><span class='ocrx_word' id='word_1_203' title='bbox 162 3083 229 3149; x_wconf 78' lang='lat' dir='ltr'><strong>nmp</strong></span> <span class='ocrx_word' id='word_1_204' title='bbox 249 3089 309 3132; x_wconf 83' lang='lat' dir='ltr'><strong>eor</strong></span> <span class='ocrx_word' id='word_1_205' title='bbox 339 3074 400 3130; x_wconf 80' lang='lat' dir='ltr'><strong>deo</strong></span> <span class='ocrx_word' id='word_1_206' title='bbox 418 3070 610 3146; x_wconf 72' lang='lat' dir='ltr'><strong>yemiaebten</strong></span> <span class='ocrx_word' id='word_1_207' title='bbox 631 3071 733 3129; x_wconf 80' lang='lat' dir='ltr'><strong>Eiron.</strong></span> <span class='ocrx_word' id='word_1_208' title='bbox 764 3070 967 3143; x_wconf 72' lang='lat' dir='ltr'><strong>Repensbury</strong></span> <span class='ocrx_word' id='word_1_209' title='bbox 996 3071 1067 3126; x_wconf 83' lang='lat' dir='ltr'><strong>uod</strong></span> <span class='ocrx_word' id='word_1_210' title='bbox 1095 3070 1276 3135; x_wconf 78' lang='lat' dir='ltr'><strong>bandsbsst.</strong></span> 
     </span>
     <span class='ocr_line' id='line_1_28' title="bbox 163 3171 1274 3254; baseline 0.004 -22"><span class='ocrx_word' id='word_1_211' title='bbox 163 3176 240 3238; x_wconf 79' lang='grc'><strong><em>1835.</em></strong></span> <span class='ocrx_word' id='word_1_212' title='bbox 262 3177 295 3238; x_wconf 91' lang='lat' dir='ltr'><strong>in</strong></span> <span class='ocrx_word' id='word_1_213' title='bbox 318 3194 398 3235; x_wconf 89' lang='lat' dir='ltr'><strong>nuce</strong></span> <span class='ocrx_word' id='word_1_214' title='bbox 420 3173 511 3252; x_wconf 89' lang='lat' dir='ltr'><strong>quasi</strong></span> <span class='ocrx_word' id='word_1_215' title='bbox 532 3172 683 3253; x_wconf 83' lang='lat' dir='ltr'><strong>proponit</strong></span> <span class='ocrx_word' id='word_1_216' title='bbox 704 3171 854 3254; x_wconf 89' lang='lat' dir='ltr'><strong>parochis</strong></span> <span class='ocrx_word' id='word_1_217' title='bbox 876 3172 1056 3253; x_wconf 87' lang='lat' dir='ltr'><strong>principia,</strong></span> <span class='ocrx_word' id='word_1_218' title='bbox 1078 3191 1160 3253; x_wconf 88' lang='lat' dir='ltr'><strong>quae</strong></span> <span class='ocrx_word' id='word_1_219' title='bbox 1181 3173 1274 3237; x_wconf 89' lang='lat' dir='ltr'><strong>Sum-</strong></span> 
     </span>
     <span class='ocr_line' id='line_1_29' title="bbox 161 3277 1273 3364; baseline 0.004 -27"><span class='ocrx_word' id='word_1_220' title='bbox 161 3291 214 3342; x_wconf 83' lang='lat' dir='ltr'><strong>mus</strong></span> <span class='ocrx_word' id='word_1_221' title='bbox 235 3280 386 3344; x_wconf 79' lang='lat' dir='ltr'><strong>Pontifex</strong></span> <span class='ocrx_word' id='word_1_222' title='bbox 403 3278 675 3358; x_wconf 83' lang='lat' dir='ltr'><strong>GregoriusXVl.</strong></span> <span class='ocrx_word' id='word_1_223' title='bbox 698 3280 732 3338; x_wconf 91' lang='lat' dir='ltr'><strong>in</strong></span> <span class='ocrx_word' id='word_1_224' title='bbox 745 3278 838 3339; x_wconf 85' lang='lat' dir='ltr'><strong>Brevi</strong></span> <span class='ocrx_word' id='word_1_225' title='bbox 862 3282 895 3340; x_wconf 88' lang='lat' dir='ltr'><strong>ct</strong></span> <span class='ocrx_word' id='word_1_226' title='bbox 908 3279 1121 3343; x_wconf 81' lang='lat' dir='ltr'><strong>lustrrrotione</strong></span> <span class='ocrx_word' id='word_1_227' title='bbox 1143 3277 1273 3364; x_wconf 76' lang='lat' dir='ltr'><strong>adllpi·</strong></span> 
     </span>
     <span class='ocr_line' id='line_1_30' title="bbox 162 3382 1052 3469; baseline 0 -23"><span class='ocrx_word' id='word_1_228' title='bbox 162 3397 259 3469; x_wconf 74' lang='lat' dir='ltr'><strong>tcopos</strong></span> <span class='ocrx_word' id='word_1_229' title='bbox 282 3386 434 3449; x_wconf 86' lang='lat' dir='ltr'><strong>Bavariae</strong></span> <span class='ocrx_word' id='word_1_230' title='bbox 457 3386 542 3446; x_wconf 86' lang='lat' dir='ltr'><strong>circa</strong></span> <span class='ocrx_word' id='word_1_231' title='bbox 564 3385 660 3446; x_wconf 84' lang='lat' dir='ltr'><strong>mixta</strong></span> <span class='ocrx_word' id='word_1_232' title='bbox 683 3383 886 3446; x_wconf 87' lang='lat' dir='ltr'><strong>matrimonia</strong></span> <span class='ocrx_word' id='word_1_233' title='bbox 909 3382 1052 3446; x_wconf 85' lang='lat' dir='ltr'><strong>tradidit.</strong></span> 
     </span>
     <span class='ocr_line' id='line_1_31' title="bbox 247 3487 1272 3571; baseline -0.002 -18"><span class='ocrx_word' id='word_1_234' title='bbox 247 3499 317 3555; x_wconf 85' lang='grc'><strong><em>137.</em></strong></span> <span class='ocrx_word' id='word_1_235' title='bbox 341 3490 490 3571; x_wconf 81' lang='lat' dir='ltr'><strong>Magnam</strong></span> <span class='ocrx_word' id='word_1_236' title='bbox 511 3489 627 3552; x_wconf 83' lang='lat' dir='ltr'><strong>famam</strong></span> <span class='ocrx_word' id='word_1_237' title='bbox 651 3510 688 3552; x_wconf 88' lang='lat' dir='ltr'><strong>ac</strong></span> <span class='ocrx_word' id='word_1_238' title='bbox 709 3487 947 3568; x_wconf 84' lang='lat' dir='ltr'><strong>celebritatem,</strong></span> <span class='ocrx_word' id='word_1_239' title='bbox 976 3487 1034 3550; x_wconf 89' lang='lat' dir='ltr'><strong>sed</strong></span> <span class='ocrx_word' id='word_1_240' title='bbox 1065 3508 1122 3550; x_wconf 86' lang='lat' dir='ltr'><strong>nec</strong></span> <span class='ocrx_word' id='word_1_241' title='bbox 1150 3508 1272 3570; x_wconf 88' lang='lat' dir='ltr'><strong>paucos</strong></span> 
     </span>
     <span class='ocr_line' id='line_1_32' title="bbox 158 3591 1272 3671; baseline -0.001 -15"><span class='ocrx_word' id='word_1_242' title='bbox 158 3591 344 3661; x_wconf 73' lang='lat' dir='ltr'><strong>adversarios</strong></span> <span class='ocrx_word' id='word_1_243' title='bbox 368 3601 555 3658; x_wconf 87' lang='lat' dir='ltr'><strong>consecutus</strong></span> <span class='ocrx_word' id='word_1_244' title='bbox 579 3601 628 3657; x_wconf 86' lang='lat' dir='ltr'><strong>est</strong></span> <span class='ocrx_word' id='word_1_245' title='bbox 650 3601 762 3660; x_wconf 85' lang='lat' dir='ltr'><strong>auctor</strong></span> <span class='ocrx_word' id='word_1_246' title='bbox 782 3591 907 3669; x_wconf 90' lang='lat' dir='ltr'><strong>libelli,</strong></span> <span class='ocrx_word' id='word_1_247' title='bbox 937 3595 1156 3671; x_wconf 84' lang='lat' dir='ltr'><strong>Augustae</strong></span> <span class='ocrx_word' id='word_1_248' title='bbox 1177 3593 1272 3656; x_wconf 88' lang='lat' dir='ltr'><strong>Vin-</strong></span> 
     </span>
    </p>
   </div>
   <div class='ocr_carea' id='block_1_5' title="bbox 155 3689 1271 3777">
    <p class='ocr_par' dir='ltr' id='par_1_5' title="bbox 155 3689 1271 3777">
     <span class='ocr_line' id='line_1_33' title="bbox 155 3689 1271 3777; baseline -0.004 -13"><span class='ocrx_word' id='word_1_249' title='bbox 155 3689 379 3767; x_wconf 73' lang='lat' dir='ltr'><strong>delirorum</strong></span> <span class='ocrx_word' id='word_1_250' title='bbox 408 3722 488 3764; x_wconf 87' lang='lat' dir='ltr'><strong>anno</strong></span> <span class='ocrx_word' id='word_1_251' title='bbox 514 3705 606 3762; x_wconf 77' lang='lat'><strong>1835.</strong></span> <span class='ocrx_word' id='word_1_252' title='bbox 630 3703 688 3762; x_wconf 86' lang='lat' dir='ltr'><strong>sub</strong></span> <span class='ocrx_word' id='word_1_253' title='bbox 709 3697 827 3762; x_wconf 51' lang='lat' dir='ltr'><strong>¹titulos</strong></span> <span class='ocrx_word' id='word_1_254' title='bbox 854 3699 1060 3777; x_wconf 77' lang='lat' dir='ltr'><strong>Beitrbge</strong></span> <span class='ocrx_word' id='word_1_255' title='bbox 1090 3718 1163 3759; x_wconf 79' lang='lat' dir='ltr'><strong>sur</strong></span> <span class='ocrx_word' id='word_1_256' title='bbox 1185 3697 1271 3759; x_wconf 81' lang='lat' dir='ltr'><strong>llis·</strong></span> 
     </span>
    </p>
   </div>
   <div class='ocr_carea' id='block_1_6' title="bbox 111 3803 1384 3894">
    <p class='ocr_par' dir='ltr' id='par_1_6' title="bbox 111 3803 1384 3894">
     <span class='ocr_line' id='line_1_34' title="bbox 111 3803 1384 3894; baseline -0.005 -19"><span class='ocrx_word' id='word_1_257' title='bbox 111 3870 114 3875; x_wconf 87' lang='lat'><em>.</em></span> <span class='ocrx_word' id='word_1_258' title='bbox 153 3805 519 3892; x_wconf 72' lang='lat' dir='ltr'><strong>thengeaclsiehte</strong></span> <span class='ocrx_word' id='word_1_259' title='bbox 560 3805 631 3868; x_wconf 89' lang='lat' dir='ltr'><strong>des</strong></span> <span class='ocrx_word' id='word_1_260' title='bbox 662 3806 761 3867; x_wconf 82' lang='lat' dir='ltr'><strong>xlx.</strong></span> <span class='ocrx_word' id='word_1_261' title='bbox 790 3803 1192 3866; x_wconf 86' lang='lat' dir='ltr'><strong>Jabrhunderts</strong></span> <span class='ocrx_word' id='word_1_262' title='bbox 1228 3807 1294 3894; x_wconf 8' lang='lat' dir='ltr'><strong>in*</strong></span> <span class='ocrx_word' id='word_1_263' title='bbox 1382 3812 1384 3819; x_wconf 61' lang='lat'><strong>⁴</strong></span> 
     </span>
    </p>
   </div>
   <div class='ocr_carea' id='block_1_7' title="bbox 99 3899 1294 4331">
    <p class='ocr_par' dir='ltr' id='par_1_7' title="bbox 151 3899 1294 3996">
     <span class='ocr_line' id='line_1_35' title="bbox 151 3899 1294 3996; baseline -0.006 -15"><span class='ocrx_word' id='word_1_264' title='bbox 151 3899 462 3993; x_wconf 67' lang='lat' dir='ltr'><strong>laeserimus,</strong></span> <span class='ocrx_word' id='word_1_265' title='bbox 484 3911 587 3975; x_wconf 86' lang='lat' dir='ltr'><strong>oder</strong></span> <span class='ocrx_word' id='word_1_266' title='bbox 617 3912 720 3975; x_wconf 86' lang='lat' dir='ltr'><strong>iiber</strong></span> <span class='ocrx_word' id='word_1_267' title='bbox 751 3909 816 3972; x_wconf 88' lang='lat' dir='ltr'><strong>die</strong></span> <span class='ocrx_word' id='word_1_268' title='bbox 847 3914 1055 3971; x_wconf 86' lang='lat' dir='ltr'><strong>neuesten</strong></span> <span class='ocrx_word' id='word_1_269' title='bbox 1087 3909 1294 3996; x_wconf 68' lang='lat' dir='ltr'><strong>lsirchli·⁴</strong></span> 
     </span>
    </p>

    <p class='ocr_par' dir='ltr' id='par_1_8' title="bbox 99 4028 1272 4331">
     <span class='ocr_line' id='line_1_36' title="bbox 99 4028 305 4089; baseline -0.019 -17"><span class='ocrx_word' id='word_1_270' title='bbox 99 4028 106 4089; x_wconf 62' lang='grc' dir='ltr'><strong>ξ</strong></span> <span class='ocrx_word' id='word_1_271' title='bbox 167 4046 169 4058; x_wconf 90' lang='lat'><em>·</em></span> <span class='ocrx_word' id='word_1_272' title='bbox 303 4064 305 4068; x_wconf 87' lang='lat'>.</span> 
     </span>
     <span class='ocr_line' id='line_1_37' title="bbox 216 4163 1272 4238; baseline -0.011 -10"><span class='ocrx_word' id='word_1_273' title='bbox 216 4169 285 4238; x_wconf 77' lang='lat'><strong>556)</strong></span> <span class='ocrx_word' id='word_1_274' title='bbox 303 4175 335 4224; x_wconf 90' lang='lat' dir='ltr'><strong>ln</strong></span> <span class='ocrx_word' id='word_1_275' title='bbox 353 4178 455 4222; x_wconf 73' lang='lat' dir='ltr'><strong>suante</strong></span> <span class='ocrx_word' id='word_1_276' title='bbox 471 4167 663 4221; x_wconf 82' lang='lat' dir='ltr'><strong>Corrierentisc</strong></span> <span class='ocrx_word' id='word_1_277' title='bbox 679 4165 825 4224; x_wconf 53' lang='lat' dir='ltr'><strong>lisoiensis,</strong></span> <span class='ocrx_word' id='word_1_278' title='bbox 836 4163 958 4229; x_wconf 81' lang='lat' dir='ltr'><strong>insigues</strong></span> <span class='ocrx_word' id='word_1_279' title='bbox 979 4167 1073 4215; x_wconf 82' lang='lat' dir='ltr'><strong>codem</strong></span> <span class='ocrx_word' id='word_1_280' title='bbox 1093 4171 1212 4227; x_wconf 83' lang='lat' dir='ltr'><strong>ternpore</strong></span> <span class='ocrx_word' id='word_1_281' title='bbox 1228 4181 1272 4217; x_wconf 86' lang='lat' dir='ltr'><strong>re-</strong></span> 
     </span>
     <span class='ocr_line' id='line_1_38' title="bbox 126 4254 1270 4331; baseline -0.007 -13"><span class='ocrx_word' id='word_1_282' title='bbox 126 4267 130 4271; x_wconf 78' lang='grc'><strong><em>’</em></strong></span> <span class='ocrx_word' id='word_1_283' title='bbox 160 4264 312 4323; x_wconf 76' lang='lat' dir='ltr'><strong>&#39;flexiones</strong></span> <span class='ocrx_word' id='word_1_284' title='bbox 338 4263 479 4331; x_wconf 79' lang='lat' dir='ltr'><strong>vulgavit:</strong></span> <span class='ocrx_word' id='word_1_285' title='bbox 498 4261 530 4312; x_wconf 72' lang='grc' dir='ltr'><strong>ι’</strong></span> <span class='ocrx_word' id='word_1_286' title='bbox 549 4259 655 4312; x_wconf 70' lang='lat' dir='ltr'><strong>arride</strong></span> <span class='ocrx_word' id='word_1_287' title='bbox 678 4261 706 4309; x_wconf 84' lang='lat' dir='ltr'><strong>lc</strong></span> <span class='ocrx_word' id='word_1_288' title='bbox 728 4256 855 4319; x_wconf 66' lang='lat' dir='ltr'><strong>Religion</strong></span> <span class='ocrx_word' id='word_1_289' title='bbox 878 4257 912 4308; x_wconf 81' lang='lat' dir='ltr'><strong>de</strong></span> <span class='ocrx_word' id='word_1_290' title='bbox 930 4254 958 4309; x_wconf 85' lang='lat'><strong>5.</strong></span> <span class='ocrx_word' id='word_1_291' title='bbox 982 4257 1059 4315; x_wconf 73' lang='lat' dir='ltr'><strong>Auru</strong></span> <span class='ocrx_word' id='word_1_292' title='bbox 1103 4255 1193 4314; x_wconf 68' lang='lat' dir='ltr'><strong>leae.</strong></span> <span class='ocrx_word' id='word_1_293' title='bbox 1219 4259 1270 4310; x_wconf 84' lang='lat' dir='ltr'><strong>No.</strong></span> 
     </span>
    </p>
   </div>
   <div class='ocr_carea' id='block_1_8' title="bbox 0 0 1404 4838">
    <p class='ocr_par' dir='ltr' id='par_1_9' title="bbox 0 0 1404 4838">
     <span class='ocr_line' id='line_1_39' title="bbox 0 0 1404 4838; baseline 0 0"><span class='ocrx_word' id='word_1_294' title='bbox 0 0 1404 4838; x_wconf 95' lang='lat' dir='ltr'><strong> </strong></span> 
     </span>
    </p>
   </div>
  </div>
 </body>
</html>
