2798 4838
575 264 805 338 -340-

133 408 192 476 sed
213 409 321 494 potius
343 407 541 474 Guberulum
563 400 769 473 Borussicum
800 409 863 473 sibl
886 429 1037 493 arrogare
1064 413 1252 499 iurasqoae

135 513 327 582 immutabili
347 513 513 578 Ecclesiae
535 515 755 579 constitutioni
777 535 841 578 non
863 517 988 598 minus,
1021 537 1117 601 quam
1145 526 1254 600 pacto·

134 643 204 688 rum
226 619 317 684 lidell
346 618 512 684 custodiae
533 618 750 684 adversantur.
781 623 815 695 c)
839 622 1013 686 Observatr
1035 626 1255 706 quaestionem

63 740 66 748 '
130 728 171 791 de
193 726 300 791 mixtis
330 726 543 789 matrimoniis
570 726 603 788 ln
631 726 743 808 Regno
771 727 942 792 Borussiae
977 731 1169 809 suscitatam
1205 751 1267 795 re·-

130 832 206 896 duci
226 830 269 896 ad
290 838 388 913 caput
415 831 650 913 cooperationis
680 850 719 894 ac
738 833 944 896 assistentiae
965 831 1075 915 Cleri,
1106 837 1267 919 proprie-

129 958 192 1020 que
212 937 248 1001 ld
269 936 374 1001 solum
395 936 524 1018 quaeri:
552 956 592 998 an
614 937 646 998 lu
669 934 796 1000 deiectu
818 937 1034 1002 conditionum
1054 959 1116 1022 per
1136 939 1267 1005 Eccle-

128 1045 210 1108 siam
229 1061 290 1124 pro
312 1042 399 1105 omni
419 1047 562 1123 tempore
582 1043 852 1124 praescriptarum
873 1041 987 1108 (ilerus
1007 1045 1106 1108 ritum
1127 1067 1267 1112 sacrun!

128 1148 373 1226 administrare,
403 1133 574 1227 taliterque
612 1147 654 1212 ad
684 1154 789 1210 actum
820 1131 1074 1214 immutabilibus
1104 1151 1267 1216 Catholi—

128 1254 223 1318 cisml
250 1252 421 1337 principiis
450 1251 650 1334 diliorrueru,
672 1254 838 1332 cooperari
870 1256 998 1335 possiti
1025 1256 1125 1320 buius
1148 1265 1267 1324 autem

128 1360 325 1443 quaestionis
347 1357 541 1422 decisionem
563 1355 705 1441 alloquin
735 1379 807 1421 noo.
821 1359 982 1440 Regimlnl
1003 1362 1267 1447 l’rotestantico‚

52 1542 60 1561 Ο
127 1465 190 1529 sed'
206 1462 373 1529 Ecclesiae
396 1462 584 1528 Catholicae
605 1445 802 1546 cdmpetcre3
823 1483 883 1527 uec
902 1463 1083 1530 Ecclesiam
1106 1467 1264 1532 catholi-

126 1591 217 1652 cam,
244 1589 326 1653 quae
353 1570 505 1653 principii
533 1568 608 1634 loco
630 1570 727 1633 babet
757 1576 790 1632 et
817 1567 922 1652 palam
948 1572 1051 1635 'etiam
1078 1575 1256 1641 annunciet

125 1674 354 1759 obligationem
376 1675 577 1739 subditorum
591 1674 763 1741 obediendi
784 1673 910 1758 legibus
928 1675 1042 1740 civilis
1059 1677 1247 1762 Potestetls,

123 1783 213 1864 pacis
234 1780 383 1864 publicae
404 1783 612 1845 turbatricom
633 1780 698 1853 diei
719 1801 837 1862 posse,
865 1781 921 1845 sed
950 1783 1060 1862 potius
1089 1782 1132 1846 de
1153 1766 1241 1866 uegi-

123 1889 208 1951 mlnc
229 1889 424 1967 borussieo,
455 1886 542 1969 quod
562 1886 652 1969 leges
680 1885 792 1950 ciuiles
823 1907 893 1951 cum
917 1885 1150 1953 ecclesiasticis
1172 1910 1235 1953 con·

121 1995 268 2076 fligeutes
289 1995 374 2056 iuter
394 2012 507 2074 graves
529 1993 790 2059 comminationes
812 2014 830 2057 a
852 1992 948 2057 Clero
970 1996 1137 2058 observari
1155 2013 1232 2077 prae

121 2100 203 2182 cipit
210 2144 222 2183 ,
244 2096 413 2161 dicendum
426 2099 554 2180 venire,
575 2097 662 2179 quod
675 2100 890 2162 conscientiae
905 2101 967 2163 vim
989 2100 1129 2181 inierat,
1152 2098 1231 2164 liber-

121 2210 220 2268 tatem
240 2201 369 2283 laedat,
392 2210 425 2267 et
446 2205 626 2284 existimet,
648 2204 740 2286 quasi
761 2204 927 2285 proposita
948 2224 1008 2287 per
1027 2225 1066 2268 se
1087 2205 1227 2286 principit

120 2309 161 2373 de
181 2306 341 2373 iidelitate
362 2302 563 2372 sdbditorum
593 2311 645 2374 lus
667 2306 765 2379 simul
793 2311 971 2372 tribuerent
992 2309 1227 2374 inobedientias
1265 2318 1267 2325 '

117 2435 156 2480 ac
176 2415 380 2479 renitentium
401 2434 477 2494 erga
496 2411 586 2495 leges
608 2412 773 2476 Ecclesiae
802 2412 1056 2479 demonstrandi.
1086 2413 1126 2489 d)
1150 2414 1226 2480 lieni·
1243 2462 1267 2472 ..

116 2540 197 2603 que,
225 2525 262 2584 nt
281 2521 516 2603 perspiciatur,
546 2517 722 2599 qualisnam
744 2519 844 2582 fuerit
865 2519 960 2585 Sedis
982 2519 1225 2600 Apostolicacet

93 2683 95 2689 .
115 2628 219 2711 ipsius
247 2626 491 2707 archiepiscopi
514 2623 710 2687 (lucanensis
733 2645 770 2686 ac
791 2624 1016 2689 Posnaniensis
1048 2625 1164 2708 agendi
1190 2643 1224 2687 ra·

117 2734 163 2797 tio
186 2734 219 2795 ln
241 2739 311 2796 tota
339 2733 401 2794 bac
430 2750 525 2794 causa
558 2731 744 2810 observata,
767 2732 930 2823 septaginta
960 2730 1024 2793 duo
1056 2730 1222 2795 documenta

114 2838 239 2924 proiert
260 2837 361 2901 Sedes
385 2835 593 2916 Apostolica,
621 2837 736 2917 partim
760 2834 801 2896 ad
822 2834 950 2914 plenam
971 2835 1221 2918 adaequatamque

114 2963 233 3007 causae
252 2944 349 3006 istius
372 2943 605 3023 coguitionem,
634 2960 727 3021 quam
749 2939 945 3007 Memoriale.
969 2943 1037 3004 sive
1059 2941 1221 3008 Declarailo

114 3048 271 3112 (iubemli
291 3049 474 3128 neutiquam
498 3045 702 3130 suppeditat,
722 3046 972 3128 procurandam,
994 3049 1112 3129 partim
1134 3049 1220 3114 edre

1 3225 2 3230 η
114 3149 290 3215 fallendam
311 3172 381 3214 eam
402 3146 635 3217 Declarationis
665 3152 935 3232 enunciationem,
965 3156 1058 3235 quasi
1081 3151 1219 3219 diluculi·

113 3256 287 3321 Pontificia
318 3255 358 3318 de
382 3261 432 3319 13.
451 3257 539 3338 Sept.
564 3260 659 3319 1838.
689 3257 721 3317 in
752 3278 848 3322 causa
870 3258 1133 3340 Archipraesulis
1161 3262 1217 3324 uu-

113 3361 275 3427 nantensis
296 3361 406 3425 lrabiia
427 3364 562 3425 maxima
583 3366 674 3442 parte
704 3382 767 3424 nou
799 3370 927 3426 exactae
954 3365 1116 3429 factorum
1145 3381 1216 3446 expe

114 3467 226 3532 ultioni
246 3467 354 3531 innixa
376 3467 429 3530 sit.
460 3470 670 3548 Quamobrem
703 3466 902 3533 documentis
931 3469 1105 3534 antedictis
1135 3478 1215 3535 osuu-

113 3573 221 3654 dltur,
244 3592 301 3654 ea,
324 3592 403 3655 quae
426 3572 458 3634 in
477 3570 681 3636 Allocutioue
703 3575 841 3636 brevitor
862 3580 980 3638 attacta
1002 3577 1118 3658 luere,
1138 3570 1212 3640 unul

113 3700 155 3743 no
176 3679 260 3743 veris
282 3677 379 3742 iactis
401 3699 441 3744 ac
463 3679 626 3741 eventibus
649 3685 888 3760 superstructa,
916 3678 975 3743 illa
996 3689 1129 3764 eontra,
1157 3691 1209 3762 qut

111 3784 147 3847 in
168 3782 390 3848 Declaratlono
414 3784 570 3848 Gubernii
592 3785 813 3864 contineatur,
842 3785 875 3847 in
904 3783 1053 3867 pluribus
1083 3787 1161 3853 locis
1177 3798 1206 3844 er·

115 3908 213 3953 rouen
235 3883 391 3961 erse.⁶*⁹)
484 3911 487 3916 ·

120 4057 362 4077 Ἣ

152 4163 246 4230 ¹649)
265 4167 361 4219 lirrata
381 4169 542 4231 deteguntur
561 4181 620 4230 pap.
634 4164 686 4219 so.
706 4165 751 4220 si.
771 4166 820 4220 26.
839 4168 888 4223 st.
902 4169 952 4224 30.
970 4169 1021 4223 32.
1041 4169 1090 4224 33.
1108 4168 1150 4219 38.
1163 4151 1192 4210 39·

148 4253 198 4308 40.
216 4255 270 4311 45.
510 4276 512 4281 ·
943 4278 950 4295 .
