2798 4838
662 761 702 847 1.

84 982 87 1075 3
156 941 1029 1039 nunonmunnniuoumnnu
1037 947 1248 1044 nunna

84 1096 86 1107 '
155 1099 580 1220 annuumque,
600 1103 689 1193 nn
715 1103 1244 1204 nnovnnsmuunns

447 1262 923 1356 uuwnnsnnss.
1325 1296 1328 1304 ·

638 1467 674 1562 §·
702 1472 736 1540 1.

186 1649 347 1709 maisi·
364 1649 570 1708 natoriae
589 1649 720 1709 sotim
737 1651 785 1710 iss
810 1650 956 1723 plures
973 1652 1175 1724 emas.

140 1805 345 1917 Uniscrsam
374 1847 542 1908 historiam
571 1848 844 1910 matrimoniorum
872 1847 1043 1915 mixtorum
1069 1851 1155 1914 inter
1183 1852 1246 1915 Ca-

131 1951 281 2033 doliana,
307 1961 339 2014 et
370 1952 588 2014 Protostantes
618 1953 651 2014 in
678 1963 747 2015 oeto
775 1953 969 2034 Epoclras
999 1955 1066 2016 sive
1092 1958 1246 2038 temporis

129 2057 276 2138 periodos
300 2055 485 2119 dividimus.
524 2058 659 2120 Prima
680 2066 804 2138 tempu
813 2091 829 2140 ,·
847 2055 933 2138 quod
953 2057 1030 2121 inde
1051 2080 1069 2121 s
1091 2062 1138 2122 sic
1160 2061 1246 2126 diets

131 2165 364 2239 deformatione
384 2163 555 2224 Sacrorum
576 2162 647 2224 Sec.
668 2163 753 2226 xvi.
776 2182 875 2242 usque
893 2162 935 2225 ad
949 2167 1063 2227 Paeest
1081 2170 1248 2246 Westpds·

131 2274 215 2330 team
241 2287 329 2330 anno
360 2271 451 2330 1648.
478 2267 660 2330 conclusam
682 2250 863 2349 procurrit,
905 2266 1142 2349 complectitur3
1190 2292 1248 2336 se·

133 2373 255 2436 cunda
279 2394 300 2434 a
322 2372 406 2433 Pace
428 2371 661 2453 westphalica,
692 2375 725 2434 in
747 2376 838 2436 cuius
859 2371 977 2436 tabulis
999 2373 1176 2454 aequalitas
1198 2380 1248 2440 iu-

133 2483 208 2540 riam
236 2481 325 2540 inter
356 2476 580 2538 confessiones
613 2479 812 2541 Christianas
847 2479 971 2558 signata
1001 2483 1180 2558 quaestioni
1208 2483 1248 2546 de

135 2587 234 2646 mixtis
266 2582 477 2644 matrimoniis
506 2603 619 2644 novam
657 2583 791 2645 formam
820 2583 930 2662 dedit,
972 2603 1074 2664 usqne
1105 2594 1249 2668 tempora

138 2691 252 2750 Summi
274 2688 443 2749 Pontificis
464 2687 686 2751 Benedicti
715 2689 800 2752 xlv.
822 2690 980 2751 excurrite
1002 2691 1091 2753 cuius
1107 2691 1249 2755 celeber·

138 2796 228 2855 rImac
252 2811 311 2874 pro
326 2797 514 2872 Hoiiaads'a,
537 2801 569 2854 et
584 2792 716 2855 Paionia
740 2793 991 2873 quadragesimis
1009 2792 1117 2855 Secnli
1133 2796 1248 2860 xviii.

138 2902 222 2962 annis
247 2897 352 2961 editae
375 2898 625 2959 Constitutionos
647 2899 680 2959 in
702 2900 834 2960 materia
857 2896 896 2960 de
917 2897 1025 2959 mixtis
1040 2901 1249 2966 matrimoniis

140 3007 247 3066 merito
272 3003 423 3084 epocham
444 3004 561 3082 tigont3
593 3004 725 3065 tertia
746 3005 897 3087 proponit
918 3009 1035 3065 statum
1058 2981 1248 3087 disciplinae

140 3111 219 3171 circa
250 3110 347 3170 mixta
379 3110 600 3188 matrimonia,
632 3107 735 3187 qualis
766 3106 841 3170 inde
878 3129 896 3171 a
926 3107 1048 3172 laudati
1083 3110 1249 3174 Benedicti

140 3214 219 3277 xiv.
252 3201 541 3276 Constitutionibus
571 3234 671 3293 usque
693 3213 735 3275 ad
765 3217 890 3275 Foedus
912 3217 1100 3278 Germaniae
1119 3220 1249 3281 Princi-

140 3337 210 3397 pum
232 3338 314 3380 anno
339 3320 430 3382 1806.
454 3319 565 3380 initum
587 3319 704 3399 viguit:
733 3319 766 3379 in
795 3337 856 3396 quo
878 3319 1025 3380 nimirum
1047 3319 1137 3400 iura,
1166 3320 1249 3384 rela-

143 3425 301 3503 tionesque
323 3429 449 3485 mutuae
470 3426 554 3486 inter
575 3422 769 3485 diversarum
791 3420 1034 3486 Confessionum
1050 3423 1251 3519 Christiapa·

144 3551 208 3592 ram
235 3537 409 3592 sectatores
442 3531 579 3591 curatius
605 3516 830 3591 determinatae
851 3535 945 3607 sunt,
976 3527 1150 3609 exindeque
1178 3532 1250 3612 ipsa
1341 3584 1345 3594 .

145 3637 234 3698 etiam
265 3636 410 3714 quaestio
438 3633 477 3697 de
504 3635 670 3698 connubiis
694 3632 831 3714 disparis
853 3631 1021 3714 religionis
1041 3635 1251 3699 mutationem

143 3742 256 3816 subiit3
293 3747 440 3819 quarta
469 3741 611 3820 exiguam
641 3741 795 3820 temporis
825 3739 967 3801 eontinet
995 3737 1179 3820 periodum,
1209 3742 1251 3803 ab

143 3865 219 3907 anno
247 3842 401 3906 videlicet
423 3847 517 3906 1806.
537 3861 638 3924 nsque
660 3841 910 3905 celeberrimum
920 3847 1130 3920 Conpresruus
1153 3848 1252 3906 Vien-

142 3937 370 4013 neormam
396 3953 486 4011 1815.
508 3950 669 4029 habitans,
700 3949 751 4010 cui
775 3960 883 4029 parem
897 3948 954 4009 'rix
974 3946 1055 4010 vidit
1077 3949 1164 4010 orbis
1186 3942 1253 4011 Eu-

140 4075 295 4138 ropaeus‚
324 4061 357 4117 et
384 4055 419 4116 in
448 4073 511 4135 quo
532 4054 674 4135 perfecta
693 4055 810 4114 inrium
830 4050 1005 4135 aequalitas
1026 4055 1111 4114 inter
1133 4052 1254 4114 (latino-

140 4158 221 4224 licos
250 4179 288 4222 ae
317 4160 537 4222 Protestantos
566 4162 655 4223 iuxta
674 4178 816 4221 normam
837 4160 871 4220 in
892 4155 1011 4222 tabulis
1031 4157 1127 4221 Pacis
1147 4156 1254 4220 west.

140 4263 287 4348 phalicae
324 4269 497 4328 assumtam
539 4265 668 4328 uberius
707 4262 865 4329 declarata
897 4272 929 4327 et
958 4259 1152 4327 solennisata
1173 4259 1254 4336 fuit3

173 4385 647 4453 murmurmurmur
1039 4372 1053 4427 1
