2798 4838
603 271 832 347 -214-

153 413 348 479 observanda
379 415 441 499 sit,
472 415 629 478 mitiorem
660 418 782 496 praxim
814 437 852 480 eo
881 437 977 480 sensu
1006 416 1203 504 invaluisse,
1241 429 1280 489 ub

151 526 243 584 matr.
265 521 362 583 mixta
392 520 486 583 etiam
508 520 577 583 sine
598 522 762 603 praestitis
791 523 955 603 requisitis
978 525 1181 589 cantionibus
1210 529 1280 594 ritu

151 632 303 691 consueto
333 624 572 690 benedicantur.

251 733 425 812 Postquam
444 736 572 796 tenores
589 727 844 814 Apostolicarum
862 729 1026 798 literarum
1045 736 1098 798 Pii
1115 736 1202 801 Vlil.
1220 738 1277 804 od

146 841 199 900 2⁵.
218 837 329 900 Martii
355 840 447 900 1830.
475 834 516 898 ad
538 838 718 919 Bpiscopos
747 838 987 903 Provinciarum
1018 840 1280 913 Occidentalinm

146 962 228 1004 anno
249 945 341 1004 1834.
365 939 520 1022 publicati
536 944 568 1005 in
584 942 790 1005 Bioecesibus
809 941 988 1008 Gnesnensi
1003 966 1040 1008 ac
1059 946 1279 1018 Posnaniensi

144 1049 381 1111 innotuissent:
412 1047 571 1128 Parocbi,
601 1049 790 1130 praesertim
821 1069 838 1110 e
872 1068 1002 1113 numero
1030 1050 1184 1133 illorum,
1216 1062 1268 1135 qni

145 1154 306 1215 mitiorem
334 1153 457 1235 praxim
489 1153 721 1234 sequebantur,
748 1153 836 1239 ‚banc
863 1157 949 1218 iuxta
980 1157 1082 1219 Breve
1104 1157 1256 1239 Apostoli·

146 1278 217 1322 cum
247 1278 412 1322 erroneam
442 1278 513 1322 esse
545 1257 671 1338 edocti,
702 1259 789 1340 apud
817 1259 1053 1324 Ordinariatum
1083 1262 1253 1343 frequentes

144 1365 346 1447 quaestiones
376 1364 536 1447 formare,
569 1371 826 1448 opportunasque
862 1366 1050 1430 inviatlones
1088 1367 1248 1432 sollicitare

142 1453 328 1554 pergebant.
352 1469 412 1532 llis
433 1475 595 1553 permotus
618 1470 889 1553 Archiepiscopus
917 1472 1042 1552 linoln,
1057 1494 1172 1553 „quum
1190 1494 1245 1558 pra-

140 1577 206 1641 xim
228 1574 395 1643 doetrinae
414 1573 595 1638 catholicae
620 1581 656 1638 et
680 1572 876 1657 disciplinae
896 1576 1066 1641 Ecclesiae
1086 1599 1242 1662 repugnan-
1276 1574 1279 1579 ’

80 1669 82 1672 ’
139 1687 205 1744 tem
233 1683 355 1762 absque
376 1678 505 1764 piaculo
534 1681 622 1761 gravi
642 1678 781 1743 tolerare
811 1701 932 1744 senon
949 1700 1051 1765 posse
1064 1728 1067 1736 .
1082 1681 1169 1745 ultro
1189 1703 1241 1767 per-

133 1778 314 1869 spexisset,
346 1787 488 1868 quamvis
511 1785 675 1848 l'arocb'os
704 1786 904 1849 sciscitantes
933 1786 973 1849 ad
993 1796 1106 1850 exacte
1137 1809 1240 1852 servan·

142 1891 200 1955 das
222 1888 365 1956 cautelas
391 1891 425 1952 in
447 1872 733 1954 Brevi'l’ontiiicio
754 1894 952 1974 praesciptas
984 1881 1078 1956 ornnl'
1092 1896 1163 1958 iure
1188 1911 1239 1958 nor

137 1997 257 2060 inviare
278 1997 458 2079 potuissetr
481 1995 589 2060 studio
613 1997 751 2061 testandi
772 1996 966 2080 peculiarem
988 2020 1079 2065 suam
1102 2021 1175 2082 erga
1194 2001 1238 2063 lie·

135 2122 209 2190 gem
231 2103 364 2189 eiusque
385 2101 601 2181 Ministerium
631 2101 883 2182 observantiam,
913 2105 1099 2187 priusquam
1130 2107 1160 2168 vi
1180 2104 1237 2186 lipi-

136 2206 278 2295 seopalis
307 2209 359 2273 sui
385 2207 526 2271 muneris
542 2207 721 2297 quidquam
745 2207 949 2289 decerneret,
978 2210 1115 2290 Regium
1146 2210 1236 2274 culus
1275 2204 1278 2273 i

134 2314 321 2399 Miniptrum
341 2311 498 2395 primunr,
520 2320 588 2377 tum
609 2314 717 2403 ipsum
738 2315 860 2401 Regem
879 2313 984 2378 literis
1016 2315 1125 2379 officii·
1140 2315 1234 2399 pleni·
1275 2384 1278 2407 i

134 2421 226 2485 simis
245 2417 337 2505 adiit,
356 2424 388 2507 et
403 2421 571 2483 momentis
587 2421 757 2515 rationum,
776 2402 1144 2505 suaequeconscientiae
1162 2437 1234 2501 ango·
1271 2414 1278 2573 ι

131 2526 222 2613 ribus
244 2525 399 2607 expositis
421 2523 549 2589 admitti
571 2527 684 2607 petiit,
716 2526 805 2611 utin
827 2544 862 2589 re
884 2527 1052 2589 mixtorum
1083 2527 1233 2590 connubio·
1274 2576 1277 2581 .

132 2653 203 2719 rum
226 2628 410 2713 quoadqeo,
439 2650 521 2712 quac
543 2633 729 2717 auctoritati
752 2629 987 2712 ecclesiasticae
1018 2635 1231 2713 propriassit

131 2735 182 2825 pel
210 2737 373 2815 antiquam
404 2733 572 2798 Benedicti
593 2736 677 2801 XIV.
700 2734 842 2819 regulam
866 2756 893 2799 a.
913 2741 1004 2800 1748.
1027 2741 1231 2821 praescripta·

130 2845 243 2927 sequi,
273 2838 324 2904 vel
352 2838 399 2927 ad
415 2839 532 2904 Sedem
560 2840 780 2922 Apostolicam
811 2862 976 2907 recurrere
1006 2845 1123 2922 possit.
1162 2838 1229 2905 Cele-

128 2952 219 3037 brem
245 2928 371 3013 hocin
396 2949 512 3008 merito
535 2946 868 3031 correspondentiam,
900 2966 981 3028 quae
1002 2949 1229 3029 Archieplsoqo

128 3073 200 3153 eppa
221 3050 334 3139 Regio
366 3050 516 3115 Ministro
551 3057 583 3114 et
613 3052 702 3134 Rege
733 3053 938 3132 intercessit,
976 3054 1107 3119 uberius
1137 3068 1228 3136 propo·

128 3128 245 3225 nimus.
293 3237 297 3245 Ι

136 3330 152 3351 ..
232 3238 360 3345 initium
392 3261 561 3351 epistolari
591 3263 783 3351 commercio
812 3261 902 3325 dedit
930 3260 1099 3327 Praelatus
1129 3263 1178 3328 die
1197 3261 1227 3323 ii

118 3371 256 3461 daquar.
280 3374 374 3432 1837.
404 3370 554 3433 Ministro
592 3367 704 3429 Cultum
735 3388 913 3446 exponens.
954 3375 1151 3457 quantopere
1176 3368 1227 3452 posi

118 3474 355 3565 publicatum'
345 3496 378 3538 ιιι
399 3474 574 3565 provipciis
592 3474 697 3554 Regni
714 3470 977 3536 occidentalibus
993 3475 1095 3536 Breve
1116 3475 1165 3538 Pii
1173 3466 1225 3539 iit

123 3582 229 3675 idque
245 3602 318 3659 mox
340 3581 381 3645 ad
402 3581 550 3667 notitiam
567 3598 697 3641 suorum
721 3596 847 3658 qnoque
869 3577 1133 3643 dioecesanorum
1147 3575 1227 3663 peris·

123 3697 212 3769 tum,
231 3695 262 3752 et
280 3688 416 3769 genuina
429 3662 596 3749 Ecclesiae
616 3681 801 3747 Catholicae
819 3684 975 3776 principia
991 3686 1024 3746 in
1044 3688 1159 3748 merito
1171 3683 1227 3749 ndr

123 3801 228 3859 torum
248 3792 522 3857 matrimoniorum
538 3790 724 3871 gravissime
737 3790 772 3851 in
789 3791 971 3852 memoriam
986 3810 1151 3879 revocans,
1170 3796 1226 3855 suu

121 3901 194 3983 ipse
216 3906 284 3962 tum
305 3898 439 3981 parochi
470 3892 609 3958 stimulis
637 3896 852 3958 conscientiae
880 3876 1055 3991 urgeantur
1082 3895 1125 3959 ad
1146 3892 1225 3960 couti·

126 4005 250 4096 neptias
271 4005 381 4068 Brevis
402 3999 493 4066 illius
514 4000 548 4063 in
570 4000 720 4063 iiioecesi
741 4020 799 4062 sua
815 4020 874 4082 pro
892 4020 1003 4063 norma
1020 4000 1224 4067 assumendo:

126 4116 316 4199 quapropter
333 4111 433 4175 Breve
454 4105 541 4173 istud
562 4105 595 4166 in
604 4124 669 4173 sua
692 4102 832 4183 dioecesi
853 4104 1082 4201 publicandum
1105 4106 1167 4171 sibi
1185 4101 1226 4169 ad

123 4216 207 4278 mitti
228 4216 342 4297 petiit,
370 4213 466 4293 idque
489 4229 526 4272 eo
547 4207 676 4272 facilius
705 4190 777 4272 iieri
807 4230 902 4294 posse
924 4212 1068 4292 censuit,
1098 4207 1227 4295 quodie

125 4341 186 4384 uno
210 4318 381 4399 eodemque
405 4316 547 4398 objecto,
571 4313 611 4377 de
632 4314 748 4381 iisdem
769 4313 934 4382 Ecclesiae
965 4316 1139 4402 principiis
1165 4335 1228 4401 aga·
