2798 4838
546 237 800 309 .-auo-=

130 388 245 449 moues
264 385 450 446 limentes
476 387 517 444 de
534 385 676 470 preliim
695 384 865 458 utriusque
893 397 996 443 secus
1026 385 1064 442 ic
1093 385 1240 460 lteiipiom

131 492 294 553 catholico
313 491 486 550 educandis
504 492 632 565 praevio
652 480 961 559 causacionem).
990 486 1041 547 ils
1064 486 1125 549 hoc
1147 487 1241 567 itaque

130 602 274 675 tempore
295 599 387 655 matr.
405 593 502 655 mista
523 593 555 655 in
578 593 689 672 Regno
714 592 896 671 ilungariae
927 593 1058 654 nonnisi
1087 594 1147 655 snh
1180 611 1243 654 con·

34 771 38 781 .
130 699 254 789 ditione
274 680 482 780 praestandae
499 698 626 779 praevie
648 716 709 777 cpe
727 693 944 759 Reversalium
967 698 1152 760 securitatis
1161 718 1244 778 super

131 802 291 868 catholice
313 801 486 866 educandis
515 802 663 883 prolibus
692 803 858 882 utriusque
889 821 1002 881 sexus,
1033 803 1113 864 iniri
1142 812 1244 886 potue·

131 915 215 972 runt.
237 909 283 972 Ut
298 915 404 974 antem
426 910 511 970 circa
533 912 750 971 schismaticos
771 927 827 969 seu
846 906 1182 970 Graeco-Ncn-Uuito
1199 910 1245 971 lll-

132 1017 181 1078 tssl
201 1013 350 1078 aslslictcs
373 996 464 1077 omne
486 1014 616 1077 dubium
639 1012 789 1091 tollatur,
821 1032 877 1076 cos
909 1032 1035 1093 qnoque
1067 1015 1131 1075 suh
1159 1015 1244 1076 ictum

55 1136 67 1143 ·
130 1120 250 1202 prioris
273 1116 493 1182 Resolutionis
515 1117 650 1195 cadere,
679 1120 741 1196 ita,
772 1124 808 1179 ut
836 1119 901 1190 ipsi
930 1120 1048 1195 etiam,
1079 1117 1159 1181 dum
1187 1138 1243 1181 con

129 1242 264 1306 persona
287 1222 448 1287 catholica
476 1225 712 1286 matrimonium
739 1223 925 1286 contrahere
957 1226 1110 1306 cupiunt,
1141 1225 1244 1286 llorer-

132 1328 217 1392 salcs
248 1328 325 1391 dare
355 1328 555 1410 obligentur,
593 1347 651 1409 per
675 1327 923 1391 -Reaolutionem
956 1330 1089 1409 Regiam
1130 1328 1183 1391 dd.
1207 1334 1244 1391 15.

131 1435 283 1497 Novemh.
308 1440 400 1498 17⁷0.
422 1435 615 1516 dispositum
637 1433 709 1496 init
726 1431 789 1507 ⁹³⁰)

641 1658 649 1675 .
676 1603 764 1676 24⁰.

129 1741 327 1816 Episcopi
339 1746 440 1813 poso
456 1602 777 1802 Bessi-{esrem
794 1741 898 1800 urani
912 1745 1037 1799 ms,
1050 1680 1243 1814 qus-lsa-

130 1835 301 1919 ssscdsssss
327 1841 371 1892 ct
397 1840 545 1904 untes,
574 1834 766 1903 singulos
792 1848 918 1892 casus
944 1834 1245 1893 connubium

130 1926 358 1986 mutorum
377 1939 481 1985 suae
499 1926 729 2008 cognitioni
758 1939 807 1983 sse
833 1924 1037 1984 decisioni
1061 1939 1242 1985 reserva·

629 2019 745 2075 burst.

232 2177 324 2239 Licet
344 2177 378 2238 in
400 2175 609 2240 Rosolntione
632 2179 755 2258 Regia,
777 2177 869 2239 colus
900 2177 1069 2240 historiam
1102 2177 1242 2260 priorli.

132 2283 365 2360 enarravimus,
388 2300 446 2360 pro
470 2283 677 2345 sustentando
708 2283 867 2364 principio
896 2281 1056 2344 catholico
1089 2282 1242 2344 suiflciem

96 2462 109 2487 x
132 2387 328 2470 praesidinm
357 2389 482 2464 inesse,
512 2407 649 2469 apesque
680 2388 794 2450 adesse
821 2387 1000 2465 videretur,
1032 2387 1128 2464 iore,
1161 2395 1194 2449 nt
1217 2392 1243 2446 ct

131 2494 234 2555 rarius
255 2494 403 2555 ineantur
431 2495 526 2555 mixta
549 2495 768 2570 matrimonia,
800 2499 832 2555 ct
861 2492 1064 2555 conditiones
1087 2490 1243 2555 Ecclesiae

5 2598 9 2608 '
132 2621 190 2681 pro
212 2619 288 2660 casu
311 2599 519 2661 ineundorum
540 2597 670 2661 illorum
694 2601 910 2678 praescriptae
933 2603 1082 2660 accurate
1107 2596 1242 2679 expleas·

130 2695 378 2786 tura'llplscopl
400 2703 626 2781 nihilominus,
658 2703 923 2784 quemadmodum
945 2711 1058 2780 antea,
1087 2706 1136 2765 ita
1167 2702 1244 2764 olcis·

130 2831 206 2891 ceps
247 2831 372 2891 quoqne
406 2811 619 2891 cognitionem
657 2816 691 2888 et
727 2810 921 2872 decisionem
951 2807 1128 2870 cuiuslibet
1165 2827 1244 2870 casus

84 2956 90 2971 ι
132 2924 221 2978 matr.
247 2918 337 2978 mixti
369 2917 432 2978 sibi
463 2922 680 2991 reservarunt,
712 2924 747 2976 ut
776 2935 812 2977 eo
835 2918 975 2976 curatius
999 2915 1245 2976 circumstantias

132 3024 258 3101 quasvis
282 3020 480 3102 expendere,
503 3029 534 3081 et
566 3021 605 3080 de
635 3023 778 3082 absentia
807 3020 994 3100 praeprimis
1025 3019 1168 3096 periculi
1188 3038 1245 3100 per·

131 3127 288 3187 versionis
319 3128 358 3187 ah
383 3127 562 3188 orthodoxa
593 3126 656 3187 iidc
680 3146 750 3186 sese
779 3127 933 3187 certiores
963 3124 1104 3187 reddere
1136 3125 1246 3188 valeant

131 3229 241 3309 prius,
273 3249 366 3310 quarn
404 3230 563 3293 indultum
595 3231 635 3292 an
666 3229 880 3292 contrahenda
921 3230 1079 3292 eiusmodi
1113 3231 1246 3310 coniugia

131 3333 333 3415 elarginntnr.
356 3332 489 3396 Constat
511 3336 543 3398 id
566 3337 752 3398 nominatim
776 3335 815 3397 sle
839 3337 1078 3415 Episcopis
1106 3338 1246 3416 Scapu-

101 3441 293 3517 sionei,
325 3446 358 3503 ct
380 3442 658 3503 Sabariensi:
689 3460 823 3521 quornm
846 3442 935 3521 prior
958 3440 1149 3504 Carolus
1173 3438 1247 3503 Sal-

129 3547 235 3610 heck
254 3543 318 3619 ⁹³¹)
347 3549 379 3608 in
410 3548 597 3609 Commissis
626 3544 722 3608 Clero
754 3550 949 3623 Iripiceiensi
980 3544 1036 3607 id.
1067 3552 1097 3609 5.
1123 3545 1247 3630 Augusti

131 3719 136 3728 .
200 3737 268 3803 949)
287 3741 372 3791 lilon.
400 3739 462 3791 800.
482 3754 544 3805 pag.
573 3740 631 3789 532.

200 3829 267 3891 950)
285 3832 375 3882 lilon.
392 3830 453 3882 801.
476 3845 538 3896 pag.
565 3830 623 3880 583.
639 3812 722 3879 -in
748 3831 875 3879 Dioecesi
902 3830 1184 3892 Quicqueeccless'essi
1208 3833 1246 3881 iss

166 3928 228 3972 ente
255 3923 323 3971 hane
349 3923 552 3973 liesolntionem
581 3935 597 3969 s
623 3921 807 3970 schismaticis
835 3933 920 3979 aeque
938 3934 971 3969 sc
998 3935 1015 3970 s
1042 3923 1246 3974 Protestsntiirs

166 4009 331 4062 heverssles
350 4020 456 4066 essens
481 4013 566 4064 tuisse
585 4005 608 4075 l.
634 4011 693 4063 236.
720 4014 895 4063 ostendimus.

200 4099 269 4162 9⁶1)
288 4103 350 4153 uuit
367 4111 446 4155 entes
463 4105 590 4155 vicarius
609 4111 636 4154 et
654 4105 846 4169 Suilrsgsneua
867 4103 1031 4169 Vaciensls,
1052 4113 1081 4156 et
1101 4109 1136 4158 de
1157 4110 1246 4157 obiecto

166 4201 241 4246 metr.
261 4195 399 4248 mistorum
420 4194 553 4247 celebrem
572 4197 743 4247 concinnavit
762 4196 960 4247 discussionem
980 4211 995 4245 s
1015 4197 1158 4249 cardinali
1184 4201 1246 4260 lippa

169 4287 297 4338 Vsciensi
316 4288 342 4337 ln
363 4287 445 4336 Mon.
464 4285 524 4337 296.
544 4303 568 4348 p.
588 4287 647 4339 aee.
668 4303 705 4338 ss.
726 4286 867 4337 israhelem.
