2798 4838
685 245 885 314 ...12-

230 391 374 470 coniugia
406 390 502 451 mista
530 407 600 450 cnm
630 390 782 450 canonico
813 385 1036 468 impedimento
1066 384 1233 447 dirimente
1263 384 1346 447 inita

229 514 288 577 pro
309 492 408 556 nullis
433 491 614 567 declarare,
635 493 730 572 idque
753 493 881 554 efficere
894 491 1032 569 dehere,
1052 498 1089 552 ut
1103 489 1254 552 catholici
1272 509 1347 552 cum

229 598 398 663 catholicis
419 600 548 680 potius,
570 618 664 678 quiam
681 599 851 660 haereticis
865 599 1066 660 matrimonia
1087 596 1285 659 contrahant.
1299 593 1345 668 ¹¹)

724 807 760 903 §-
788 810 848 879 1o.

228 949 282 1007 lm
307 947 446 1007 Gallia
475 944 712 1004 Beiormoti
740 952 888 1005 unna
920 935 1191 1004 matrinas-io
1216 943 1349 1001 mixto

279 1040 327 1098 im
344 1038 542 1111 pluribus
562 1037 735 1108 §nodis
754 1043 923 1097 decreta
938 1041 1072 1095 edunt
1091 1041 1176 1099 See·
1198 1040 1303 1096 xvl.

234 1184 237 1190 ⁵
332 1203 531 1280 Quantopere
552 1201 771 1263 Protestantes
792 1199 859 1279 ipsi
880 1199 1077 1280 comprimis·
1091 1199 1125 1261 ln
1157 1201 1261 1262 Galia
1281 1217 1348 1260 ma·

229 1305 377 1367 trimonia
399 1306 494 1366 mixta
517 1311 757 1367 aversarentur:
781 1304 968 1366 documento
1002 1313 1074 1367 sunt
1103 1312 1172 1366 acta
1204 1301 1349 1385 Synodo-

229 1430 318 1487 rnm,
348 1430 426 1490 quas
455 1408 524 1471 illic
555 1407 671 1473 Secula
701 1409 786 1472 xvi.
818 1409 1035 1482 celebrarunt3
1076 1411 1241 1489 signanter
1271 1409 1349 1470 Acta

230 1514 352 1596 Synodi
373 1513 550 1577 Nationalis
571 1515 858 1592 Parisieusis,
881 1535 961 1576 anno
987 1519 1078 1575 1559.
1109 1514 1257 1591 habitae,
1287 1532 1349 1592 quo

230 1621 264 1682 in
288 1621 457 1683 Germania
479 1623 565 1682 eirca
586 1627 678 1682 matr.
700 1622 798 1681 mixta
816 1618 952 1702 'primam
985 1618 1144 1701 querelam
1174 1620 1208 1681 in
1240 1618 1351 1680 Comi·

230 1727 287 1788 tiis
311 1727 437 1806 imperii
467 1731 691 1807 pertractatam
718 1725 840 1804 foisse,
870 1728 1015 1808 superius
1046 1725 1191 1787 diximus.
1225 1727 1272 1796 (§.
1304 1727 1350 1796 5.)

230 1831 353 1913 Synodl
374 1831 565 1894 Parisionsis
588 1839 676 1908 aeta,
699 1850 718 1891 a
740 1830 890 1892 Thoma
918 1831 1071 1912 litigio
1097 1827 1142 1903 ¹²)
1179 1829 1351 1890 memoriae

232 1936 361 2017 prodita
395 1935 437 1998 ad
472 1943 671 2017 praesentem
710 1938 929 2016 quaestionem
966 1937 1129 2017 sequentia
1167 1936 1352 1997 continent:

233 2040 423 2124 „Quaesivit
443 2040 559 2101 Pastor
578 2045 746 2121 Dispensia
767 2040 806 2102 de
830 2043 1036 2122 nonnemine,
1060 2041 1114 2120 qui
1143 2060 1161 2101 a
1182 2040 1352 2119 pontificio

234 2142 400 2219 sacerdote
420 2142 471 2206 vel
491 2145 610 2208 vicario
632 2144 763 2224 literas,
784 2144 964 2209 libertatem
993 2146 1186 2208 matrimonii
1217 2126 1353 2207 ubicun-

235 2270 295 2331 que
317 2247 414 2312 vellet
435 2249 659 2332 contrahendi,
674 2251 920 2331 impetraverat,
942 2272 1016 2312 nom
1038 2253 1072 2312 in
1100 2250 1277 2313 reformata
1301 2269 1353 2312 ec·

234 2351 333 2417 clesia
355 2351 501 2436 copulari
521 2356 650 2435 possiti
671 2355 853 2437 Respondit
875 2356 1040 2438 Synodus,
1062 2357 1161 2418 istum
1191 2355 1353 2417 hominem

234 2458 320 2541 apud
339 2458 531 2523 reformatos
553 2459 699 2542 copulari
719 2477 782 2522 non
804 2481 919 2541 posse,
941 2463 1002 2523 nisi
1022 2463 1113 2546 prius
1135 2462 1168 2522 in
1196 2457 1350 2536 ecclesia,

234 2565 351 2644 inqua
382 2568 510 2646 nuptias
539 2565 757 2628 celebraturus
787 2573 890 2643 esset,
920 2565 1103 2629 scandalum
1133 2587 1152 2629 a
1182 2585 1217 2627 se
1243 2564 1351 2626 datum

236 2670 402 2733 confessus
425 2670 560 2748 fuisset,
584 2671 677 2732 etad
700 2672 939 2733 contestandam
962 2692 1047 2733 suam
1070 2672 1298 2753 poenitentiam
1309 2667 1353 2730 li·

234 2781 320 2839 teras
350 2773 425 2838 illas
454 2776 635 2856 pontificias
671 2774 721 2837 vel
751 2775 877 2857 publice
908 2779 941 2838 in
970 2777 1126 2856 ecelesia,
1165 2776 1217 2838 rel
1247 2795 1355 2838 eoram

237 2882 436 2945 Consistorio
459 2880 692 2962 discerpsisset.
715 2882 832 2944 Pastor
854 2885 1089 2962 ,temporaneis
1108 2883 1281 2964 proposuit
1302 2901 1356 2943 ca-

236 3007 306 3049 sum
329 2987 368 3052 de
390 2985 526 3067 quodam
555 2988 721 3066 pontificio
754 2987 795 3049 ad
824 2987 1027 3050 reformatam
1057 2987 1246 3069 religionem
1278 3007 1356 3049 con-

236 3110 346 3167 rerso,
377 3091 430 3170 qui
460 3097 532 3152 ante
560 3092 799 3152 conversionem
837 3112 925 3153 suam
966 3112 1037 3154 cum
1066 3095 1189 3175 virgine
1219 3091 1357 3174 quadam

238 3197 402 3278 pontificia
424 3216 459 3259 se
482 3195 747 3278 desponsaverat,
771 3217 851 3276 quae
873 3200 1107 3260 matrimonium
1136 3216 1357 3260 consummare

193 3370 199 3394 ι
238 3301 454 3387 detrectabat,
476 3321 547 3362 curn
567 3301 602 3362 in
622 3300 794 3362 reformata
811 3300 945 3365 ccclesia
960 3302 1105 3385 copulari
1126 3301 1238 3365 nollet.
1250 3282 1358 3383 Quae-

238 3407 334 3469 situm
356 3426 450 3487 ergo,
473 3405 551 3487 quid
573 3424 689 3487 sponso
713 3404 763 3467 illi
785 3406 964 3470 faciendum
987 3410 1096 3471 esseti
1118 3407 1267 3489 Synodus
1284 3427 1358 3469 eum

238 3512 326 3594 apud
346 3513 501 3595 virginem
521 3531 580 3593 pro
603 3512 796 3574 matrimonii
818 3516 1084 3586 consummatione
1106 3516 1243 3592 instare,
1266 3519 1300 3574 et
1326 3514 1360 3575 si

239 3615 297 3679 illa
318 3617 351 3679 in
374 3617 530 3679 sententia
551 3637 608 3678 sua
631 3625 866 3697 perseveraret,
888 3641 907 3682 a
936 3639 1018 3682 novo
1050 3619 1252 3681 matrimonio
1285 3624 1358 3679 tan-

239 3722 343 3801 tisper
364 3722 524 3784 abstinere
545 3723 661 3799 iussit,
686 3720 787 3784 donec
809 3721 867 3786 illa
896 3726 984 3805 virgo
1017 3724 1067 3787 vel
1095 3745 1155 3805 per
1183 3723 1360 3786 scortatio·

239 3845 330 3905 nem‚
352 3824 402 3887 vel
422 3844 480 3907 per
501 3826 777 3909 desponsationem
799 3849 869 3890 cum
890 3829 955 3891 alio
978 3831 1088 3910 priora
1110 3825 1274 3913 sponsalia
1286 3828 1361 3890 vio-

310 4015 359 4081 11)
377 4020 467 4070 idon.¹
483 4019 509 4069 9.
528 4034 588 4086 pag.
607 4019 633 4070 3.
652 4017 714 4071 vu.
739 4019 962 4086 Gallemart,
983 4023 1129 4073 Concilium
1162 4018 1360 4072 orianum.

277 4111 415 4163 Coloniae.
432 4108 518 4161 ms.
536 4126 562 4170 p,
580 4109 654 4163 430.

311 4198 359 4263 12)
386 4204 508 4254 Historia
533 4203 698 4263 sinodorum
725 4204 905 4256 Natiorolism
922 4219 941 4256 o
965 4205 1128 4266 &tonantis
1145 4205 1174 4256 ia
1198 4202 1292 4254 Gaiiio
1309 4203 1362 4255 leo·

277 4295 397 4344 uirorum.
417 4294 535 4353 Lipsiae.
554 4290 641 4347 1705.
662 4308 721 4355 pop.
741 4291 787 4350 28.
806 4311 840 4346 ιι.
