2798 4838
89 406 99 473 i'
156 387 283 464 uarium,
303 385 337 447 ln
361 385 504 449 futurum
526 387 673 450 subditos
696 385 873 452 catholicos
896 384 984 449 nullo
1015 391 1074 452 suh
1103 397 1246 473 praeter-

89 544 93 591 i
153 500 176 552 tn
192 493 386 554 matrimonia
409 510 479 553 cum
501 492 684 556 reformetis
707 494 893 557 contrahere
916 512 1032 577 porse,
1059 491 1199 583 illaque,
1221 495 1249 559 nl

149 597 411 676 contraherentur,
433 597 590 676 iuranda,
614 607 647 661 et
668 598 776 682 proles
799 598 912 664 exinde
932 605 1022 663 natan
1044 598 1249 682 illegitimas,

89 594 98 823 Ι
147 704 430 782 successionisque
419 722 452 765 ιιι
467 705 560 767 honis
588 705 756 786 incapaces
779 704 859 768 fore.
888 701 948 779 ¹⁰⁷)
969 737 1008 751 -
1023 706 1171 771 Edictum
1187 705 1250 769 hoc

109 876 111 881 ‚
145 809 221 870 nirta
241 810 448 887 matrimonia
469 811 599 872 irritans
621 829 730 872 mense
760 813 904 892 Augusto
935 812 1124 898 anni1688.
1154 811 1251 874 etiam

108 980 109 985 γ
144 914 172 976 ad
188 916 387 978 Provinciam
409 917 552 978 aarum
575 914 720 988 (illaesa)
751 923 911 979 extensum
941 915 1005 979 fuit
1025 935 1088 979 non
1120 917 1250 981 obstan·

89 1020 93 1061 '¹
143 1020 415 1084 tereclamatione
442 1024 742 1102 Arecomicorum,
773 1042 832 1102 pro
861 1021 1059 1087 Reformatls
1088 1024 1120 1087 ln
1153 1041 1250 1085 seura

89 1108 96 1225 ξ
142 1126 211 1189 Pacis
234 1125 475 1209 westphalicae
497 1124 635 1191 liberum
667 1126 834 1209 religionis
865 1129 1052 1191 exercitium
1081 1124 1249 1208 postulau-

89 1230 94 1303 ζ
141 1233 206 1295 dnm.
231 1265 270 1277 —
294 1235 389 1295 Anno
411 1253 487 1295 vero
512 1239 606 1297 1685.
629 1252 712 1295 novo
733 1232 851 1296 Edicto
875 1234 944 1299 Rex
965 1233 1147 1305 ludovicus
1166 1231 1248 1297 Edi·

140 1345 203 1401 cium
221 1339 430 1420 Nanpetense
452 1341 632 1420 revocarit,
662 1346 757 1421 atque
788 1337 995 1428 Acatholicos
1027 1341 1087 1403 enh
1113 1341 1249 1405 eomml·

111 1514 113 1518 ,
140 1446 244 1509 neone
267 1442 417 1534 exiliiad
434 1443 686 1526 amplectendam
698 1444 900 1527 Religionem
910 1444 1111 1515 catholicam
1125 1443 1247 1528 adegit.

622 1615 785 1711 §.ao

96 1744 401 1823 hinnitum
421 1768 471 1810 ex
499 1755 642 1812 Edicto
677 1745 807 1812 matr..
825 1753 958 1829 mixtu
979 1706 1177 1817 irritante
1201 1754 1250 1811 tm

529 1846 651 1918 praxi
679 1849 841 1930 enatae.

173 2006 300 2068 Post
324 2005 475 2068 lldlctirm
497 2007 653 2070 hudonict
674 2008 758 2072 xlv.
782 2007 980 2070 matrimonia
1003 2007 1099 2069 mixta
1114 2008 1148 2070 in
1166 2004 1247 2070 (lal-

106 2106 249 2174 laiere
271 2110 490 2223 impossihilia
512 2112 640 2177 reddita
667 2134 738 2176 esse
768 2113 1021 2192 videbantur,
1011 2131 1075 2174 imo
1108 2119 1139 2175 et
1169 2108 1247 2191 illa,

143 2220 287 2294 quietam
328 2204 491 2280 contracta
521 2219 631 2299 fuere,
661 2219 693 2281 ln
726 2219 886 2299 sequelam
917 2217 1028 2281 Edictl
1056 2219 1249 2280 revocatorll

140 2319 331 2385 dannetensis
355 2323 571 2386 characterem
602 2325 830 2388 catholicorum
860 2324 1089 2387 connubiorum
1115 2323 1248 2388 induere

103 2462 104 2467 κ
140 2425 296 2492 dehebant:
313 2429 377 2490 l'er
408 2429 559 2491 Edictum
591 2433 740 2494 nimirum
769 2431 1000 2494 revocatorium
1028 2444 1137 2493 omnes
1168 2431 1248 2493 Pro·

137 2537 274 2598 testantes
295 2537 424 2611 fictione
440 2538 583 2614 oyauin
607 2535 774 2600 Ecclesiae
797 2535 984 2601 Catholicae
1014 2537 1168 2618 gremium
1196 2555 1245 2599 re·

89 2618 92 2705 ἶ
136 2637 222 2702 dllsse
243 2640 481 2729 censebantur,
503 2641 673 2722 nullusque
695 2642 833 2726 amplius
856 2643 1045 2713 Protestans
1075 2643 1110 2704 iu
1141 2639 1248 2704 Gallis

132 2764 290 2828 superesse
314 2749 562 2834 supponebatur.
594 2752 653 2812 Aet
682 2748 745 2809 hoc
775 2749 848 2828 ipso
878 2746 1027 2809 Edictum
1049 2747 1123 2808 aunt
1155 2749 1248 2808 168⁰.

131 2852 321 2914 matrimonia
343 2854 453 2914 mixta·
471 2855 603 2915 irritans
631 2851 755 2914 nullum
782 2855 817 2914 ln
842 2854 916 2927 foro
939 2861 1073 2914 warno
1097 2849 1247 2914 effectum

131 2958 372 3020 obtinnitr-nam
393 2958 597 3020 ·'l'ribunalia
629 2980 687 3038 per
717 2960 936 3040 exceptionem
973 2977 1011 3019 en
1039 2956 1247 3039 posseislone

99 3092 102 3116 :
131 3061 227 3125 Status
250 3062 421 3126 deductam
445 3067 628 3126 etlietione
652 3062 750 3145 legali
773 3064 992 3127 conversionis
1013 3062 1248 3126 haereticorum

131 3167 245 3248 Regni,
269 3189 379 3231 omnes
409 3169 651 3232 reclamationes
680 3169 920 3232 catholicorum
949 3162 1003 3232 aa?
1023 3166 1247 3233 declarandam

89 3286 91 3291 '
132 3273 300 3337 nullitatem
332 3278 606 3336 matrimoniorum
637 3278 807 3338 mixtorum
845 3275 1010 3338 tendentes
1040 3275 1245 3352 relielehant3

89 3398 91 3405 ·
135 3381 299 3465 cuiusmodi
323 3381 570 3442 contradictioni
592 3380 674 3468 legis
698 3368 731 3444 et
752 3383 859 3461 pranis
877 3379 1100 3445 Tribunalium
1117 3380 1246 3442 utfinis

89 3476 367 3569 ·.lnpoueretur,
395 3507 519 3548 ornnem
551 3487 679 3568 quidem
711 3508 873 3571 operam,
880 3494 913 3548 at
932 3487 964 3546 ln
994 3504 1126 3569 vanum,
1156 3483 1247 3548 dedit

111 3588 348 3655 celeberrimus
374 3587 602 3655 Gilbertus
626 3593 672 3653 de
693 3585 859 3655 Volsin.
884 3590 950 3654 Sed
979 3611 1080 3673 neque
1110 3589 1150 3653 de
1172 3609 1246 3655 reu-

146 3712 172 3753 ιιι
188 3701 349 3761 verborum
373 3700 517 3776 hemaii,
541 3701 630 3779 queis
652 3699 851 3761 matrimonia
872 3698 964 3759 irrita
984 3705 1079 3775 atque
1105 3693 1246 3760 invalida

148 3804 328 3873 pronunciata
358 3812 451 3894 sunt,
480 3806 565 3866 inter
604 3806 794 3866 canonistas
832 3810 865 3865 et
900 3801 1086 3885 Theologos
1119 3799 1245 3866 Galliae
1273 3787 1274 3790 Ἴ

89 4073 95 4083 .
202 4035 258 4100 107)
276 4016 368 4090 non.
387 4036 429 4089 aa.
445 4036 510 4104 m.
529 4038 573 4089 aa.
591 4038 655 4089 vra.
682 4038 801 4088 uernae
819 4039 854 4086 ae
880 4037 966 4087 onan
982 4018 1143 4104 cananea.
1162 4038 1199 4101 r„
1215 4037 1245 4087 ν.

89 4175 96 4184 ,
182 4124 523 4188 tournoutervoerde.
541 4144 568 4188 n.
586 4128 649 4180 119.
667 4156 703 4167 -
728 4132 760 4179 ln
778 4131 874 4180 Edicto
897 4130 961 4180 enni
977 4128 1056 4182 1680.
1075 4129 1239 4192 provocetur

183 4216 326 4273 cornelian
344 4225 489 4273 Decretmn
514 4228 607 4273 eontra
624 4222 781 4274 deficientes
800 4237 817 4279 s
834 4223 901 4276 Fide
914 4222 1038 4284 edimm,
1062 4234 1130 4283 quos
1148 4219 1245 4284 poeuis

186 4306 274 4365 inihc'u
284 4321 316 4366 et
333 4315 414 4367 exilio
428 4312 596 4367 mulctandos
614 4313 741 4378 disponit.
