2798 4838
373 195 375 199 ¹
504 243 813 319 soat-

123 387 375 471 denegationem
398 387 630 453 benedictionis
662 397 820 470 tamquam
842 409 1004 478 censuram
1026 393 1092 456 veri
1122 392 1261 454 nominis

127 495 403 559 [intermittendam
426 515 516 575 esse,
547 516 585 559 eo
608 497 728 576 magis,
760 495 848 578 quod
876 499 947 580 ipsa
975 499 1059 576 parti
1090 499 1259 579 coniugum

127 599 308 664 catholicae
329 621 465 684 prorsus
487 588 650 664 innocenti
672 603 855 682 infligatur,
886 622 958 665 cum
979 621 1054 685 pars
1077 610 1260 683 protestan-
1308 616 1310 621 '

127 709 195 770 tica
218 708 263 769 sit
285 709 414 789 proprie
437 727 532 770 causa
553 728 616 770 non
639 710 811 789 praestitae
840 709 987 787 praeviae
1017 711 1175 773 cautionis
1205 730 1259 773 ιιι-

126 833 192 897 per
211 813 370 877 catholica
402 816 544 876 omnium
566 813 707 896 prolium
737 814 942 890 educatione3
972 816 1153 896 Episcopos
1183 835 1259 894 pra·
1299 804 1302 811 ¹

126 920 194 981 rim
216 919 299 982 hanc
320 921 481 982 mitiorem
508 918 695 982 inducentes
727 939 764 982 er
792 917 851 981 iilo
880 917 1087 983 laudamento
1110 940 1259 1001 egressos
1384 938 1387 944 ·

125 1025 253 1104 fuisse,
285 1025 371 1106 quod
395 1025 575 1088 benedictio
604 1027 785 1104 nuptiarum
807 1025 976 1089 mixtarum
1004 1045 1129 1107 semper
1150 1024 1256 1089 adhue

125 1116 257 1211 occasio
279 1133 324 1193 sit
345 1131 494 1213 parochis
516 1133 550 1193 in
572 1137 695 1212 partem
716 1129 909 1195 catholicam
930 1131 1065 1213 agendi,
1090 1151 1191 1214 eoque
1216 1130 1258 1195 il·

124 1234 193 1298 lam
217 1235 430 1316 disponendi,
453 1243 488 1299 ut
510 1236 594 1318 apud
616 1235 749 1299 alteram
771 1242 894 1319 partem
917 1240 1024 1302 omnia
1044 1237 1164 1318 facint,
1194 1239 1257 1321 qno

125 1363 198 1404 eam
221 1341 262 1404 ad
283 1342 528 1424 permittendam
561 1342 780 1405 educationem
809 1341 1001 1406 catholicam
1031 1342 1171 1425 prolium
1199 1346 1257 1408 ile·

124 1454 204 1510 etat.
229 1447 279 1511 tid
300 1447 462 1510 vitandum
484 1466 580 1529 porro
604 1450 785 1511 conflictum
806 1449 890 1512 inter
911 1447 1092 1524 Ecclesiam
1118 1456 1150 1511 et
1172 1450 1258 1511 civi-

124 1560 226 1616 tatem
242 1574 309 1616 non
327 1560 377 1617 rat
398 1554 547 1615 idoneum
567 1553 707 1638 medium
725 1574 797 1617 esse
818 1559 1053 1633 diplomaticam
1066 1558 1257 1634 oeqoueuo·
1384 1550 1386 1553 ’

122 1679 220 1723 uam:
241 1660 337 1741 idque
360 1681 398 1721 eo
421 1661 552 1739 minus,
568 1681 638 1722 cum
661 1669 751 1741 parte
774 1680 812 1722 es
833 1680 895 1723 una
913 1657 995 1725 Atria
1012 1661 1157 1722 Romana
1179 1676 1259 1722 oon·

123 1768 293 1828 cessiones
317 1763 487 1827 ulteriores
509 1767 580 1827 lieri
602 1768 664 1828 iam
683 1786 746 1827 non
770 1784 867 1846 posse
889 1765 1011 1828 diserte
1034 1763 1257 1854 declaraverit,

123 1879 219 1956 parte
242 1890 316 1933 vero
340 1891 378 1933 ex
398 1869 500 1934 altera
522 1871 610 1933 credi
638 1892 702 1933 non
724 1873 852 1951 possit,
884 1877 919 1935 ut
941 1870 1104 1935 Gubernia
1136 1869 1254 1933 civilia

121 1975 252 2060 legem,
284 1978 373 2038 euius
406 1995 465 2058 ope
496 1977 689 2040 exactionem
712 1963 1117 2064 literarhmlreversallum
1144 1977 1255 2058 probi·

123 2085 283 2162 buerunt,
315 2088 497 2146 retractent.
527 2085 633 2164 Magis
656 2089 834 2164 opportuna
865 2064 1066 2146 mediatore
1094 2083 1194 2147 haece
1225 2084 1255 2144 si

121 2209 201 2273 pars
226 2189 393 2269 coniugum
417 2188 576 2252 catholica
598 2187 925 2271 aute,copulatiouem
943 2189 1089 2253 l’arocho
1111 2191 1181 2253 tiva
1199 2197 1256 2251 vo'·

122 2316 161 2358 oe
185 2296 374 2376 promittat,
404 2315 438 2356 se
460 2293 506 2357 nil
529 2275 566 2356 es
588 2302 678 2375 parte
707 2316 765 2358 sua
787 2296 1062 2375 intermissuram‚
1094 2304 1157 2375 quo
1179 2314 1256 2375 pro·

120 2400 172 2464 les
197 2399 388 2463 catholicam
411 2404 633 2463 nanciscantur
655 2402 898 2478 educationem
930 2401 1004 2464 dein
1027 2402 1056 2463 si
1079 2397 1251 2483 peculiaris
1322 2408 1323 2412 ’

113 2504 266 2570 'formula
296 2526 355 2586 pro
384 2506 750 2571 benedicendismtxtts
771 2510 894 2587 nuptiis
924 2507 1178 2588 praescribatur,
1208 2509 1256 2570 ste

120 2611 355 2692 concipienda,
378 2618 411 2674 ut
435 2613 536 2674 omnis
567 2608 618 2675 vel
649 2614 763 2675 rrmbra'
781 2612 938 2675 devitetur
959 2612 1131 2692 opinandi,
1164 2613 1255 2693 quasi
1342 2610 1345 2615 ⁴

120 2719 287 2802 parochus
310 2736 366 2797 per
388 2717 643 2779 benedictionem
666 2716 852 2780 luciusmodi
874 2715 1121 2795 indifferentiam
1143 2720 1255 2796 quain·

120 2825 199 2887 dam
230 2826 261 2886 in
293 2828 411 2905 puncto
444 2822 667 2904 religionariae
704 2822 843 2905 prolium
882 2821 1077 2884 educationis
1116 2823 1254 2903 probare
1347 2803 1351 2818 ’

122 2929 234 2993 vellet.
252 2926 313 3002 ⁸⁵⁹)
546 2978 560 2991 .
1081 2992 1082 2997 ,

229 3039 302 3097 348.
326 3036 359 3096 Μ
369 3054 436 3096 ers
446 3055 488 3115 y,
518 3053 586 3096 eoas
615 3035 676 3109 fiir
703 3039 773 3095 eine
797 3038 933 3095 Doctrin
965 3039 1022 3094 der
1050 3037 1253 3111 etiamsinon

119 3145 375 3206 Kircbeorecbts
390 3133 474 3201 mind
488 3144 591 3202 durch
607 3145 658 3202 die
680 3142 872 3201 kirebiicbeu
891 3143 1021 3200 Wirrctt
1041 3122 1077 3198 in
1096 3143 1254 3202 Praetereo

118 3253 323 3330 cerotaesei,
343 3252 447 3307 adicer
461 3253 635 3324 erlciutert,
658 3253 727 3307 uod
743 3251 934 3308 bestimmter
947 3249 1084 3305 martire
1108 3252 1253 3324 werden,

117 3373 160 3416 so
183 3359 260 3414 dass
281 3359 339 3414 der
356 3357 471 3414 Friede
488 3361 546 3413 der
568 3357 654 3414 toth.
679 3355 799 3413 Kirelee
815 3352 914 3426 secter
934 3355 1107 3428 deprendet
1126 3359 1254 3414 werden

118 3458 236 3537 moyes
257 3459 462 3519 Katltoiiacbe
475 3462 600 3520 Bliteer
617 3477 678 3519 aare
695 3459 1254 3535 suddeutscbiaod.zciricb.1840.

119 3559 202 3628 Neo}
220 3568 250 3625 1.
266 3584 303 3624 ex
317 3562 471 3624 incidenti
490 3563 697 3626 dissidiorum
721 3563 753 3624 ln
771 3550 924 3624 Borussia
942 3558 1068 3623 extollit
1095 3569 1190 3643 caput
1210 3559 1252 3621 ll-

113 3667 182 3733 ·lnd
203 3670 390 3732 recentioris
411 3669 499 3731 iuris
522 3668 747 3733 Ecclesiastici
776 3687 834 3749 per
854 3668 1074 3729 Febronianos
1105 3675 1251 3751 constru-

117 3776 187 3856 cti,
216 3775 302 3857 quod
333 3774 373 3838 de
403 3775 556 3840 relatione
578 3775 714 3838 Romani
736 3773 904 3836 Pontitieis
926 3772 969 3837 ad
988 3773 1174 3854 Episcopo·
1203 3773 1251 3834 sic

115 3922 373 3942 ffl-

193 4007 262 4075 859)
282 4011 474 4064 Commendare
499 4011 565 4061 satis
583 4023 637 4061 non
663 4023 808 4072 possumus
826 4008 1012 4060 recensionem
1045 4009 1251 4060 ernditirrinram

157 4103 262 4171 operis
281 4104 527 4169 Wesseubergisni
545 4103 573 4153 in
597 4103 699 4165 scripto
731 4103 888 4165 periodieor
917 4102 1102 4164 theotoniam
1130 4102 1254 4167 mortat-
1346 4130 1350 4135 -

153 4196 262 4256 schrift.
290 4197 433 4257 ditiores.
465 4192 552 4248 1841.
576 4209 601 4253 p.
634 4190 804 4244 eto-eoa.
837 4201 946 4246 anctore
974 4180 1129 4247 doctissimo
1157 4194 1253 4253 Hesde

156 4287 309 4354 vulgatam.
347 4327 350 4338 .
1162 4292 1167 4305 ‘
