2798 4838
202 331 211 348 ⁸
569 241 843 321 -aao-.

130 389 249 476 umplro
269 387 303 454 ln
323 387 477 473 gremium
499 387 784 452 Archidioeceseos
802 406 879 451 snae
895 402 1043 452 reversus
1053 433 1065 472 ,
1086 404 1162 450 mor
1176 396 1243 471 post

131 507 224 561 suum
245 494 404 580 reditum,
425 493 478 559 die
500 495 617 578 quippe
631 494 690 557 ⁴27.
711 495 848 575 Augusti
873 498 964 558 1840.
994 494 1038 558 ad
1066 493 1242 560 universnm

132 600 261 666 (ilerum
283 621 374 665 suum
395 597 575 664 circulares
598 598 688 663 dedit
708 597 836 664 literas:
858 601 893 662 in
920 600 1040 681 quibus
1071 603 1240 684 praemissa

130 707 218 771 brevi
239 707 278 770 de
300 727 358 770 sno
380 705 421 770 ad
442 705 615 769 dioecesim
634 705 743 769 reditu
763 704 921 786 historie,
944 705 1074 770 Glerum
1107 713 1141 769 et
1169 705 1240 768 dde-

130 810 179 876 les
200 810 241 876 ad
262 811 463 874 concordiam
485 831 658 892 pacemque
680 831 750 874 cum
778 808 872 873 aliter
903 811 1109 876 credentibus
1139 813 1236 875 foven-

131 916 204 981 dam
226 917 432 995 adhortatur,
454 915 494 978 de
516 917 624 979 mixtis
645 936 720 978 vero
742 918 955 979 matrimoniis
979 920 1025 980 ita
1048 921 1179 981 statuit:
1200 924 1234 994 ut,

131 1043 203 1086 cnm
223 1020 295 1104 lege
317 1020 404 1084 civili
425 1020 622 1102 prohibitum
644 1021 705 1100 sit,
727 1043 745 1084 a
775 1024 902 1104 sponsis
931 1023 1046 1086 mixtae
1079 1022 1232 1104 religionis

129 1128 360 1210 promissiones
380 1126 424 1195 ,de
445 1125 603 1190 catholica
633 1127 771 1191 omnium
797 1127 938 1210 prolium
967 1126 1155 1192 educatione
1181 1130 1229 1190 en'·

130 1253 225 1324 gere,
246 1231 389 1313 talesque
410 1233 657 1312 promissiones,
680 1234 805 1295 etiamsi
827 1253 846 1295 e
868 1233 994 1315 sponsis
1018 1233 1154 1313 dentur,
1175 1231 1226 1294 md·

130 1332 199 1402 lam'
226 1339 288 1401 vim
313 1339 431 1402 habere
460 1336 569 1400 eadem
598 1334 650 1400 lex
680 1336 784 1401 civilis
822 1337 981 1419 declaret,
1012 1339 1056 1402 ad
1087 1337 1224 1402 evitandas

132 1439 339 1507 difficultates
361 1450 394 1506 et
414 1439 578 1506 molestias
600 1462 637 1506 ac
659 1436 720 1505 nna
742 1442 782 1506 ad
815 1428 1046 1507 consulendum
1077 1443 1144 1526 legi
1172 1463 1222 1527 pra-

130 1549 224 1632 xique
244 1548 409 1613 Ecclesiae
431 1546 639 1630 Catholicae,
659 1547 744 1612 nihil
763 1557 859 1630 agant
881 1551 1011 1631 curati,
1035 1537 1098 1631 ‹puo
1130 1570 1221 1612 connu-

131 1657 186 1720 bia
206 1656 305 1719 mixte
327 1674 365 1717 ex
384 1660 476 1735 parte
498 1652 664 1717 Ecclesiae
692 1655 872 1737 adprobare
902 1656 1085 1740 videantur,
1116 1656 1170 1719 sed
1190 1657 1221 1715 in·

130 1765 256 1844 tegrum
276 1758 392 1822 iisdem
414 1779 504 1841 esse,
527 1780 651 1823 omnem
683 1746 841 1825 eiusmodi
872 1763 1083 1824 matrimoniis
1112 1761 1221 1842 denega·

131 1885 168 1929 re
194 1860 414 1946 eslstentiem,
445 1884 607 1928 omnemne
634 1872 739 1940 actum
767 1864 974 1955 religiosum,
1002 1847 1063 1929 nec
1093 1868 1143 1930 ias
1170 1885 1220 1946 pro-

131 1969 354 2053 ptereafore,
374 1970 465 2053 ipsos
486 1991 505 2034 e
527 1988 685 2053 quoquam
706 1971 748 2034 ad
768 1969 963 2036 reddendam
985 1993 1084 2054 snper
1112 1972 1221 2052 denege-

132 2082 166 2139 te
187 2075 371 2139 assistentia
392 2076 546 2139 rationem
567 2078 745 2158 provocari.
776 2079 908 2141 liemum
930 2076 1093 2161 declarat,
1114 2099 1149 2141 se
1172 2095 1221 2159 pro·

131 2180 246 2246 ximus
268 2187 369 2244 totum
389 2182 452 2242 hoc
472 2183 635 2262 negotium
656 2181 734 2244 Sedi
754 2182 961 2262 Apostolicae
981 2181 1166 2247 relaturum.
1180 2178 1221 2252 ⁶⁶⁵)

614 2347 651 2442 ι.
677 2349 764 2421 eor.

74 2477 76 2482 ’
131 2485 484 2562 archiepiscopus
527 2485 791 2548 coloniensis
834 2489 1003 2549 decr-ccc
1046 2491 1178 2562 Regis
1206 2499 1224 2544 ι

132 2580 299 2643 cunctis
316 2579 400 2652 ipsi
418 2579 596 2652 onscceiu
614 2581 956 2641 accusationibus
978 2582 1090 2641 libcr-
1116 2583 1223 2642 ιΙοιΙι·

131 2676 278 2742 reem,
301 2673 469 2732 cicercto
485 2688 586 2734 vcro
611 2671 834 2826 lzppr‘ppiicic
853 2674 1153 2736 coadiutorem
1174 2675 1223 2733 si·

234 2922 506 3004 Quemadmodum
531 2943 589 3006 per
610 2933 790 3012 revocatum
821 2924 1164 3009 adMetropolitananr
1186 2923 1225 2987 Se·

133 3024 205 3091 dem
226 3030 473 3092 l'osnanlcnsem
494 3031 777 3114 Archiepiscopum
799 3032 970 3096 Martinum
992 3034 1099 3095 Duuin
1121 3035 1155 3094 in
1169 3032 1226 3094 iro

132 3133 245 3195 vinciis
268 3131 484 3198 Orientalibus
513 3157 622 3217 pacem
643 3136 808 3200 Ecclesiae
832 3137 1016 3201 Catholicae
1047 3140 1118 3201 Rex
1138 3133 1228 3200 Eride·

133 3236 219 3298 ricus
242 3236 420 3300 Guilelmus
442 3243 602 3303 restituit:
632 3243 677 3304 ita
698 3244 732 3304 in
754 3244 971 3326 componendo
995 3250 1090 3323 atque
1111 3240 1228 3306 finaliter

134 3338 312 3403 decidendo
332 3344 461 3424 negotio
483 3347 730 3431 Archiepiscopi
760 3348 963 3412 coloniensis
986 3348 1229 3413 clementum

131 3446 217 3530 gusti
238 3449 388 3511 aDroste
409 3449 581 3531 singularis
604 3453 746 3516 eiusdem
769 3455 867 3536 Regis
891 3456 1020 3517 emicuit
1042 3450 1229 3531 sollicitudo:

131 3552 184 3616 cui
205 3560 281 3633 pest
301 3553 464 3618 institutas
486 3564 611 3620 mutuas
633 3579 704 3622 cum
726 3560 809 3624 Sede
829 3558 1018 3639 Apostolica
1041 3559 1230 3625 consultatio·

131 3679 188 3721 nes
217 3658 344 3722 tandem
374 3664 531 3725 successit
560 3666 779 3745 gravissimum
815 3668 922 3728 isthoc
950 3668 1100 3730 meritum
1129 3661 1230 3730 olunt

132 3762 207 3826 enni
231 3767 322 3860 1841.
345 3769 506 3832 mensibus
534 3768 741 3851 adoptatum
768 3774 863 3834 finem
892 3771 1081 3853 perducere.
1115 3764 1229 3838 consul·

132 3866 285 3931 tactionum
305 3870 417 3935 harum
437 3873 466 3936 is
490 3881 557 3937 erat
574 3875 725 3939 effectnsc
747 3877 831 3956 quod
849 3878 996 3940 Summus
1019 3877 1149 3959 quidem
1167 3878 1229 3940 l’or·

132 3972 213 4035 tifex
235 3971 321 4036 edito
343 3978 453 4058 Brevi,
476 3981 726 4065 Archiepiscopo
750 3980 956 4064 Coloniensi,
988 4004 1084 4066 quem
1104 3977 1226 4048 maxiult

132 4079 302 4142 virtutibus
322 4077 463 4163 clarum,
485 4083 588 4169 deque
611 4086 746 4154 ecclesia
769 4097 802 4154 et
812 4088 968 4174 religione
983 4089 1143 4156 catholice
1162 4082 1224 4172 opi·

139 4217 384 4240 ’.υ-,ιιι-

204 4306 270 4376 665)
288 4313 317 4364 lti
327 4328 377 4366 en.
395 4313 456 4370 260.
476 4333 536 4386 pag.
554 4321 614 4373 420.
