2798 4838
581 283 631 297 -
657 244 734 314 ιιι
758 238 835 342 -g

130 394 328 475 praesentem
350 391 495 472 orespiam
518 387 711 481 applicabile
734 409 824 466 esse,
854 408 915 450 non
938 389 1070 469 agnosci
1100 408 1164 450 uon
1193 408 1242 469 po-

131 499 250 559 tuerit:
279 497 354 558 binc
376 491 417 558 ad
438 495 669 576 praecavendae
693 497 877 557 arbitrariae
907 497 940 557 in
963 495 1107 556 futurum
1127 492 1244 559 melr-

132 604 253 680 tiones,
276 602 343 663 Rex
366 602 628 663 Ministeriopsuo
659 600 693 662 id
715 600 807 661 dedit
836 601 977 680 negotii,
1012 609 1046 662 ut
1068 600 1245 682 discuteret,

134 729 173 770 sn
195 728 259 769 non
292 709 393 770 satius
422 706 527 783 foret,
557 704 660 786 legem
689 707 848 786 priorem,
877 708 965 769 iuxta
988 727 1082 786 quam
1104 704 1245 788 prolese

133 813 242 875 mixtis
264 812 430 874 oonnrrbiis
453 812 578 891 genitae
601 831 706 873 sexrun
729 818 895 889 parentum
926 813 957 873 iu
980 810 1136 892 religione
1167 810 1248 901 sequi

135 917 375 999 obligabantur,
407 919 452 979 ita
473 916 679 996 modificare,
713 923 747 976 ut
770 935 824 977 eae
847 937 971 998 semper
1000 919 1031 978 iu
1054 916 1248 985 confessione

136 1025 238 1104 patris
261 1022 459 1084 educentur?
475 1023 570 1109 ‘Utut
591 1029 694 1083 autem
720 1023 931 1082 biiuisterium
952 1023 1084 1102 Regium
1110 1024 1142 1083 iu
1165 1041 1248 1102 prac-

137 1131 214 1191 stita
237 1147 333 1207 super
356 1127 541 1208 quaestione
564 1128 626 1189 ista
649 1129 804 1206 opinions
823 1129 938 1189 motivo
963 1127 1038 1203 illo,
1061 1126 1148 1205 qrrod
1171 1130 1250 1208 prior

138 1233 192 1296 lex
213 1256 231 1296 a
253 1234 390 1314 partium
414 1232 521 1293 studio
546 1233 646 1312 magis
668 1235 815 1294 immunis
840 1233 1003 1310 videatur,
1036 1252 1130 1312 qrram
1152 1235 1265 1314 proje-

139 1345 223 1401 ciata
245 1337 465 1416 modificatio,
488 1338 568 1403 hauc
592 1340 712 1418 suscipi
734 1359 796 1400 non
820 1340 978 1416 suaserit,
1007 1340 1074 1401 Rex
1095 1339 1251 1401 nibilomi-

3 1450 17 1459 “
138 1465 217 1519 nus,
246 1463 309 1505 nen
340 1444 549 1531 attenta-bac
576 1445 649 1513 ,vice
674 1443 846 1504 Ministerii
876 1446 1050 1522 sententia,
1081 1444 1251 1524 praefatu

144 1549 246 1613 edidit
268 1547 530 1611 Declarationem.

243 1654 419 1718 Fatendum
442 1663 510 1730 est,
541 1655 692 1715 motivum
714 1655 748 1715 in
771 1653 991 1716 Declaratioue
1021 1656 1084 1718 ista
1106 1675 1253 1717 memoro·

142 1768 228 1839 tum,
264 1769 303 1822 ut
338 1765 489 1821 nimirum
526 1764 736 1838 dissertatorem
769 1765 803 1820 ιἰι
837 1762 968 1834 familiis
1001 1766 1254 1842 praepediamur,

141 1868 249 1928 fictum
272 1865 490 1927 tantummodo
512 1865 633 1942 fuisse,
663 1871 695 1925 et
717 1864 960 1946 dispositionem
988 1866 1089 1946 ipsam
1113 1864 1254 1931 ualere

142 1971 228 2032 tione
259 1972 364 2050 Regia
390 1990 571 2052 expressam
601 1971 723 2031 iuribus
754 1971 863 2032 matris
896 1991 1015 2032 semme
1044 1971 1253 2052 praeeuntem

144 2096 234 2151 sem,
266 2075 340 2138 diem
362 2082 461 2138 totam
483 2075 523 2136 de
546 2075 729 2137 educatione
752 2076 887 2155 prolium
911 2076 1144 2139 determinandi
1175 2083 1255 2160 pota·

145 2187 258 2244 statem
283 2183 374 2243 senice
402 2183 503 2260 patris
534 2183 668 2242 arbitrio
700 2203 737 2241 ac
757 2180 901 2243 lubediui
932 2183 1100 2244 commisit.
1145 2183 1252 2264 Reipes
1292 2174 1295 2179 ¹

145 2304 258 2368 nempe
278 2306 338 2369 pro
356 2288 471 2348 motivo
491 2285 719 2348 Declarationis
743 2293 933 2349 memoratae
955 2289 1103 2351 inserviit
1124 2286 1252 2350 studium

146 2392 314 2472 acuisses,
337 2376 524 2472 Religionis
549 2391 735 2454 Catholicae
767 2395 996 2455 incrementum
1014 2391 1250 2475 praepediendi,

147 2504 293 2560 econtm
317 2497 559 2559 confessionem
582 2496 804 2578 Evangelicam
837 2499 1040 2577 protegendi3
1073 2518 1171 2578 penes
1198 2514 1247 2560 ms·
1292 2496 1296 2545 ἰ

1292 2552 1296 2591 ι

147 2603 247 2663 iorem
270 2602 351 2663 eninr
366 2602 576 2664 subditorum
596 2604 844 2665 Protestantium
868 2625 1036 2666 urimerum
1055 2623 1188 2686 prorsus
1207 2621 1248 2664 rs
1284 2612 1296 2691 ·j

146 2707 250 2770 torale
273 2716 359 2786 erat,
385 2716 419 2770 ut
440 2709 638 2770 matrimonia
661 2711 756 2770 mista
778 2728 835 2789 per
852 2711 934 2771 viros
957 2710 1155 2773 confessioni
1176 2726 1248 2772 ιιιι·
1287 2744 1294 2753 -

148 2812 269 2895 gelicae
292 2814 438 2876 addictos
460 2812 555 2894 longe
578 2813 669 2895 plura
691 2816 866 2888 mirentur,
891 2836 983 2895 quarn
1005 2816 1167 2878 vicissim:
1189 2815 1247 2877 hec
1294 2826 1296 2893 ξ

117 2986 122 2993 ,
151 2939 210 3000 qne
233 2922 304 2999 ipso
335 2921 487 2981 insensu
517 2917 600 2999 legis
622 2919 816 2981 asseclarum
840 2920 1061 2984 Confessionis
1092 2922 1189 2983 huius
1207 2934 1248 2983 sir
1293 2928 1296 2947 '

150 3044 255 3087 merus
277 3024 448 3086 admodum
478 3031 656 3104 augeretur.
700 3025 766 3085 Nec
797 3025 881 3087 dicat
912 3027 1002 3105 queis,
1032 3026 1184 3090 iniuriam
1209 3036 1250 3105 pfl

151 3149 210 3191 nos
234 3130 396 3190 Guberoio
420 3131 593 3192 Borussico
617 3130 749 3208 inferri,
773 3130 847 3192 dum
870 3132 1020 3192 motivum
1043 3129 1108 3193 tale
1131 3125 1252 3212 dispui-

151 3233 248 3295 tionis
271 3232 359 3295 illins
381 3235 483 3296 fuisse
511 3237 705 3310 asserimus;
743 3257 815 3299 uam
845 3239 950 3316 ipsum
972 3237 1186 3300 Ministerinm
1208 3235 1253 3299 dt·

155 3338 260 3423 giem,
291 3338 364 3399 dum
385 3359 416 3400 a.
437 3345 528 3402 1831.
551 3338 639 3421 leges
664 3341 792 3403 Codicis
815 3341 917 3403 civilis
945 3342 978 3404 in
1000 3363 1113 3405 novam
1136 3338 1256 3408 sumerd

155 3442 408 3521 discussionem,
431 3442 515 3506 ultro
538 3449 689 3527 agnovit,
719 3468 788 3508 enm
810 3445 875 3527 legi
898 3450 972 3509 anni
996 3452 1088 3510 1803.
1112 3449 1256 3512 subtutus

155 3569 308 3628 scopum,
341 3569 433 3629 quem
457 3562 523 3612 'nos
553 3571 648 3632 supra
680 3554 709 3614 ei
738 3555 925 3614 tribuimus:
963 3559 1054 3636 „Der
1076 3557 1256 3619 &noardes

158 3662 231 3717 sunt
251 3657 346 3717 verba
371 3655 565 3732 Ministerii,
587 3662 631 3718 iet
648 3664 799 3720 eielmcbr
825 3659 891 3731 auf
903 3666 965 3719 cieo
984 3677 1047 3719 eeu
1067 3663 1182 3722 Seuer
1201 3658 1259 3721 iis·

147 3761 253 3836 jactet
272 3766 565 3838 euopceprocbcoen
586 3768 700 3825 Zweclc
722 3771 779 3825 der
793 3767 1018 3840 Bcscbettznop
1039 3770 1096 3826 des
1116 3757 1263 3844 commod·

157 3868 254 3925 seben
277 3867 436 3927 Grauiscas
456 3871 541 3929 wele!
559 3872 733 3931 berceeoec.
770 3875 869 3933 ⁴Dauo
889 3874 925 3930 in
946 3874 1046 3931 ciuem
1068 3873 1200 3948 Senem,
1226 3864 1289 3927 ses

156 3973 207 4030 die
229 3974 396 4032 Mebrzelei
415 3978 472 4032 der
492 3975 686 4038 Eiowobocr
705 3979 901 4052 eeooyeleecb
919 3978 979 4058 isc,
1000 3993 1089 4036 mnas
1109 3981 1169 4036 der
1193 3962 1278 4036 ualle

159 4083 234 4136 does
263 4081 314 4137 cio
341 4081 573 4154 eooupeiisebcr
602 4083 703 4160 Mauo
732 4085 800 4141 eine
828 4084 1020 4142 botbeiiecbc
1048 4083 1140 4144 Fran
1168 4081 1287 4144 senff

159 4185 242 4258 elect,
265 4183 410 4258 bdeliqcr
430 4201 528 4261 sepo,
550 4187 598 4244 ele
611 4191 668 4246 der
689 4189 906 4269 umectam,
927 4189 999 4246 weil
1009 4190 1178 4263 pemieclstc
1191 4173 1296 4248 M

152 4289 302 4348 meatem
325 4290 429 4349 derce
452 4290 791 4367 Ortmerdndcrunpeo
812 4296 871 4352 der
887 4295 1026 4352 Mdnaer
1046 4279 1296 4370 berbcieetiih¹
