2798 4838
596 227 896 336 „aug-⁴

148 413 248 476 luisse
266 406 341 484 645>.
380 411 418 481 b)
450 409 494 470 lie
523 375 613 488 praxi
643 407 769 468 mitiore
804 408 1002 488 praetensive
1033 406 1067 470 iu
1098 407 1265 470 Provinciis

8 475 16 497 ι
46 536 49 545 ’
149 515 366 587 Orientalibus
390 513 532 593 uisitata,
561 531 681 594 perque
711 512 905 574 Gssbemium
927 512 966 574 R.
996 507 1137 593 allegata
1166 515 1266 576 obser·

146 632 216 685 sat:
239 620 362 704 praxim
392 615 607 682 benedicendi
634 616 833 679 matrimonia
864 618 962 678 mixta
992 619 1114 696 absque
1145 621 1265 700 praevia

148 729 319 809 sponsione
342 724 382 787 de
404 721 553 804 prolibus
575 720 735 784 catholice
757 719 930 785 educandis
952 723 984 783 in
1003 723 1173 786 Provincia
1194 725 1266 787 Pos-

146 832 292 896 nsniensi
313 847 514 910 nequaquam
537 827 737 906 obtinuisse,
769 824 827 889 sed
857 847 874 887 e
897 830 1034 908 regestis
1057 828 1267 893 Ecclesisrsun

146 961 165 1002 a
187 958 222 1002 se
245 933 392 998 collectis
414 939 506 996 recte
529 933 720 1003 contrarium
743 930 838 1010 elici,
870 931 967 1013 idque
997 954 1014 996 a
1037 953 1073 996 se
1094 934 1159 997 iam
1186 935 1266 1017 prius

146 1044 231 1107 datis
253 1042 303 1107 ad¹
317 1040 504 1112 Ministrum
527 1035 642 1100 Cultus
663 1035 768 1099 literis
798 1035 890 1119 plene
914 1036 1163 1103 demonstratum
1194 1059 1266 1102 esse.

146 1153 180 1223 c)
196 1151 328 1211 iieiieise
349 1143 390 1206 sd
403 1143 569 1225 principia
577 1188 589 1225 ,
612 1161 693 1222 quiae
712 1142 909 1204 Gubernium
929 1144 964 1204 in
981 1158 1039 1206 sus
1056 1142 1264 1206 declaratione

143 1253 229 1318 circa
250 1244 440 1315 relationem
459 1247 574 1311 'Status
597 1245 638 1309 ad
661 1244 841 1309 Ecclesiam
864 1248 1070 1328 proponenda
1094 1248 1206 1329 duxit,
1223 1250 1263 1311 in-

140 1357 301 1441 't'repidu's'
314 1354 481 1418 enunciat:
511 1372 625 1434 pacem
647 1351 730 1413 luter
753 1352 832 1414 deses
856 1354 1037 1416 Potestates
1059 1354 1095 1416 in
1117 1355 1262 1418 Berussia

144 1485 206 1528 nun
227 1465 316 1546 prius
340 1457 480 1523 stabiliri
500 1476 618 1539 posse,
651 1464 752 1537 qusm'
772 1459 829 1527 ,ubi
852 1458 961 1520 Status
991 1455 1146 1521 Publicus
1177 1461 1262 1522 Missi·

142 1577 230 1634 strcs
257 1565 425 1631 Ecclesiae
456 1561 645 1627 Catholicae
675 1583 694 1624 a
726 1563 879 1631 servitute
909 1569 1050 1626 exemtus
1082 1565 1261 1627 convictiuni

141 1697 220 1741 snae
243 1681 275 1737 et
293 1669 463 1754 principiis
487 1663 672 1748 Religionis
689 1667 782 1730 (latis.
805 1667 1013 1731 conformiter
1033 1689 1132 1751 agere
1155 1671 1260 1750 siverit,

139 1779 324 1860 nullamque
353 1774 396 1840 cd
426 1772 667 1856 opprimendam
699 1790 806 1835 veram
836 1771 933 1836 iidem
963 1772 1152 1839 violentiam
1181 1773 1259 1840 adiri·
1291 1802 1295 1893 i

143 1887 259 1951 inerit
277 1878 341 1954 ⁶⁴⁵)

632 2046 671 2141 §-
699 2047 786 2120 ιιι.
837 2012 840 2017 ’
939 2030 942 2038 ’

141 2138 268 2265 §oded
283 2144 529 2263 apest-stes
546 2185 761 2259 sumptum
778 2185 1018 2251 officiosum
1044 2188 1258 2255 documen·
1279 2250 1283 2263 ,

137 2287 195 2351 ris
216 2279 551 2367 quamplurimis
579 2277 796 2339 munitum
826 2279 875 2338 irs
899 2293 1028 2337 causo
1054 2281 1256 2357 Arcaiapi-

191 2363 308 2448 scopi
326 2370 635 2471 i'osnumiensis
654 2371 742 2428 edit
761 2360 832 2430 sin.
854 2375 920 2430 11.
938 2372 1074 2443 April.
1096 2376 1219 2434 18⁸0.

212 2568 215 2573 ·
242 2528 425 2600 Deoia-atio
450 2528 604 2592 'officiosa
633 2527 793 2591 Gsnbemll
824 2530 991 2592 Borussici
1019 2533 1053 2594 in
1084 2552 1183 2596 causa
1212 2534 1254 2597 dr·

139 2640 337 2724 ediepisccpi
360 2636 590 2700 Poenanicnsis
613 2633 725 2715 edita,
752 2637 865 2714 reique
888 2645 997 2717 gestae
1027 2639 1150 2701 seriem
1171 2640 1253 2702 minus

140 2746 301 2830 complete
323 2750 355 2806 et
377 2741 530 2804 duntaxat
550 2738 808 2816 uniiateraliter‚
830 2748 928 2822 prout
949 2743 1020 2822 ipse
1042 2720 1252 2826 Archiepiscs·

137 2868 198 2936 pus
222 2847 470 2926 demonstravit,
492 2847 611 2908 sistens
634 2846 712 2908 Sedi
735 2844 938 2926 Apostolicae
959 2851 1185 2912 necessitatem
1205 2853 1247 2910 in·

136 2953 528 3042 possit3psr1raticne‚
557 2970 594 3013 ac
623 2952 656 3013 in
688 2972 784 3015 causa
812 2954 1049 3031 Arelcs'episcopi
1071 2956 1246 3018 colonensis

136 3067 255 3128 isacium
291 3061 397 3123 fuerat
413 3053 498 3137 64Ὗ),
537 3057 616 3119 Acta
651 3060 784 3137 ¹quaevis
824 3059 857 3119 in
890 3077 986 3120 caussa
1016 3057 1242 3142 Archiepisccpl

136 3165 334 3234 aucmentis
356 3183 394 3226 ac
411 3163 639 3225 Pcsuanieusis
664 3163 770 3243 quoad
791 3165 937 3226 meritum
960 3165 1132 3227 mixtorum
1155 3163 1240 3228 matri·

136 3273 315 3338 ntonlo'rum
337 3271 528 3346 interventa,
559 3269 693 3348 genuine
724 3276 756 3330 et
785 3267 880 3350 plene
910 3271 944 3330 in
975 3268 1080 3331 lucem
1103 3269 1238 3352 publice!

134 3372 318 3456 emittendi,
334 3396 371 3437 ac
390 3393 451 3436 una
466 3373 634 3453 principiis
655 3373 693 3435 de
708 3373 864 3436 relatione
887 3375 997 3437 Status
1020 3374 1063 3441 ad
1081 3375 1235 3439 Ecclesia!
1295 3412 1297 3417 ,

132 3489 165 3552 in
193 3488 371 3548 memorata
401 3479 557 3541 Gubernii
588 3478 809 3541 Declarstionc
839 3483 1016 3561 propositis
1057 3480 1141 3562 alia,
1177 3495 1233 3560 quse
1294 3502 1297 3514 ·

95 3572 98 3576 ’
130 3608 245 3674 nempe
273 3600 367 3650 serus
394 3585 571 3647 Pctcstatis
593 3583 840 3647 Ecclesiasticae
866 3592 1066 3668 conceptus,
1096 3596 1130 3650 et
1149 3581 1231 3663 linpi·

136 3707 384 3745 *quun-m·-

162 3838 168 3849 .
198 3778 267 3845 645)
285 3777 418 3845 iutelligit
435 3775 666 3839 Archiepisoopus
686 3778 880 3829 concessiones
899 3777 975 3840 illes,
994 3795 1064 3840 ques
1079 3777 1162 3831 sslvis
1178 3776 1225 3842 pu'i‘

166 3875 243 3938 cipite
263 3869 402 3924 catholicis
422 3867 480 3920 fieri
503 3882 604 3932 posse,
623 3869 651 3918 iu
670 3870 756 3921 iiteris
776 3872 821 3921 dd.
839 3871 864 3922 5.
880 3871 949 3921 Maii
967 3873 1049 3925 1888.
1081 3873 1152 3940 liegi
1167 3864 1223 3936 eigil

168 3967 265 4017 iiosvit.
284 3966 320 4013 ci.
338 3957 362 4026 i.
381 3960 441 4011 178.

198 4051 273 4118 646)
293 4044 605 4106 ctisis''1secisraiionis
623 4048 763 4101 ‘Gubernii
776 4088 784 4114 ,
798 4040 890 4113 Ι’(ιιιιιιι
913 4054 1044 4117 seriptum
1073 4057 1217 4120 periodiccffl

164 4145 463 4202 nestorius-politium
483 4145 584 4192 iits's'ttcr
597 4144 643 4201 [sir
657 4145 707 4192 dcc
725 4147 823 4194 kctlsci.
843 4147 1031 4200 Dmstscdloud.
1046 4151 1101 4202 111.
1117 4151 1146 4199 B.
1155 4133 1213 4197 1839·

161 4258 185 4302 p.
207 4230 542 4290 ris-184.164-172.
564 4234 696 4299 continet,
718 4243 833 4288 meretur
853 4233 918 4302 legi.

199 4329 265 4393 ess)
285 4330 319 4376 cs.
338 4321 362 4390 c.
382 4325 441 4376 172.
