2798 4838
510 279 664 378 ...191
690 321 740 339 .-

13 439 41 509 ,s
77 424 233 488 nerueea
247 428 318 486 nna
333 427 545 486 moraliecter
560 427 728 504 thes‘eltc;
750 413 812 488 oon
828 425 930 488 einero
947 427 1182 490 eumenen·
1284 465 1289 483 .

72 530 177 606 telum,⁰
207 532 268 591 stit
293 532 383 593 einer
406 532 546 591 Vorrede
572 549 637 592 oon
656 536 715 593 Dr.
735 535 884 595 Leander
902 550 967 592 cen
986 534 1068 609 Eas,
1098 534 1182 595 Pro·

44 626 157 706 ,ferror
176 640 248 705 und
269 635 403 710 Pfaerer
422 650 468 698 zu
488 640 653 716 Moriere.
683 640 777 699 Κόιιι.
798 641 895 699 1821.
927 635 1013 716 quod
1040 656 1180 700 eommu-

66 739 137 800 riter
159 739 309 802 Paroeho
328 739 497 803 Catholico
521 739 687 805 Mulier
707 742 740 803 in
761 743 807 804 M.
820 742 925 804 Princ.
944 742 1181 805 Hasso-Darm·

10 834 38 917 ’ἒξ
62 844 226 909 stadtiensi
249 847 297 908 uti
319 847 444 908 auctori
464 848 635 928 tribuitur,
666 868 780 930 magno
803 852 1057 930 argumentorum
1079 845 1181 929 adpa-

10 976 33 1041 {³
58 959 142 1030 ratu,
167 958 201 1013 et
225 951 418 1014 eruditionis
440 955 655 1016 ostentatione
679 949 897 1034 quaestionem
920 953 959 1016 de
979 958 1073 1016 matr.
1096 955 1183 1016 inter

56 1055 243 1121 catholicos
263 1063 296 1120 et
313 1057 533 1120 Protestantes
548 1057 781 1122 discutiendam
803 1063 937 1140 sumsit,
959 1059 1057 1141 idque
1073 1064 1181 1121 octen-

53 1161 211 1225 dendume
240 1164 338 1225 mixta
368 1165 570 1226 matrimonia
600 1166 657 1228 abs
679 1163 747 1227 ullo
778 1165 927 1250 scrupulo
959 1163 1179 1229 aGatholicis

28 1262 120 1332 'uluirl
137 1287 254 1351 posse,
276 1266 427 1348 nullaque
444 1269 574 1331 eosdem
590 1270 749 1334 anxietate
765 1274 888 1336 turbari
904 1271 1033 1352 debere,
1054 1271 1180 1334 etiamsi

37 1375 159 1459 proles
181 1376 217 1436 in
240 1373 322 1454 alia,
345 1393 439 1455 quam
462 1373 621 1439 catholica
644 1376 819 1441 educentur
840 1377 1008 1460 religione.
1049 1378 1096 1439 Ut
1116 1377 1180 1439 hoc

41 1480 268 1552 demonstret:
308 1483 342 1554 a)
372 1486 460 1542 totus
489 1482 522 1542 in
552 1501 589 1544 eo
620 1488 671 1545 est
700 1489 813 1547 auctor
840 1484 923 1564 iste,
955 1489 992 1547 ut
1019 1487 1180 1564 potestate

27 1587 153 1677 ,frtricti
184 1587 327 1648 nominis
357 1587 442 1648 circa
471 1605 539 1649 rem
568 1587 832 1651 matrimonialem
863 1588 1044 1652 Ecclesiam
1073 1592 1178 1666 exuat,

42 1692 215 1773 ,solamque
241 1693 410 1754 Civitatem
438 1710 528 1754 veras
557 1690 667 1774 leges,
700 1701 812 1756 eontra
840 1686 1020 1757 Ecclesiam
1049 1691 1179 1754 nonnisi

33 1797 180 1878 „moralia
206 1797 366 1879 quaedam
386 1800 506 1860 monita
528 1797 571 1860 ad
586 1800 738 1880 coniuges
761 1799 899 1861 condere
916 1818 1016 1879 posse
1037 1803 1178 1873 asserat3

46 1904 89 1977 ll)
112 1905 246 1985 antiqua
269 1909 389 1966 statuta
410 1903 580 1985 synodalia
602 1905 756 1968 adversus
778 1906 978 1968 matrimonia
1000 1901 1179 1967 catholico-

34 2024 113 2075 ’run
134 2030 214 2073 cum
237 2009 408 2071 haereticis
439 2009 480 2071 ad
509 2012 667 2074 connubia
690 2009 866 2074 catholicos
898 2013 984 2072 inter
1014 2016 1047 2071 et
1066 2014 1175 2088 prote·

51 2123 169 2186 stantes
188 2112 362 2195 adplicari
399 2108 485 2176 haud
522 2134 617 2197 posse
656 2123 784 2195 censet,
825 2117 1082 2178 Protestanterve
1119 2134 1178 2177 nec

42 2221 129 2293 luta
146 2221 329 2283 doctrinam
349 2220 382 2281 S
401 2221 603 2301 Scripturas,
626 2240 686 2282 nec
708 2220 880 2284 secundum
902 2223 1039 2303 genuina
1056 2220 1177 2283 (latho-

40 2322 165 2397 dieismi
186 2327 369 2407 principia,
391 2345 451 2387 nec
474 2342 570 2388 sensu
590 2326 676 2388 Juris
700 2328 853 2389 Canonici
875 2326 916 2389 ad
939 2304 1074 2389 classem
1096 2330 1176 2391 dae·

49 2424 219 2499 reticerem
240 2432 375 2509 referri,
398 2439 431 2493 et
452 2436 573 2493 tantum
602 2450 661 2512 per
681 2453 836 2496 summam
858 2435 1071 2496 temeritatem
1102 2430 1176 2494 tali-

116 2530 301 2606 accenseri
331 2538 454 2600 statuit.
502 2540 535 2610 c)
559 2539 655 2601 Circa
685 2535 906 2601 educationem
935 2537 1175 2619 religionariam

52 2645 208 2729 prolium,
241 2664 336 2726 quam
366 2645 452 2705 omni
478 2646 549 2726 inre
579 2642 621 2707 ad
649 2651 796 2725 parentes
840 2645 1020 2724 pertinere,
1059 2652 1102 2705 et
1120 2663 1177 2724 per

54 2748 214 2834 Principes
237 2770 363 2831 quoque
384 2748 486 2812 libero
505 2757 670 2832 parentum
693 2751 827 2812 arbitrio
842 2746 1084 2829 relinquendam
1103 2767 1175 2811 esse

52 2857 110 2937 nt,
140 2858 179 2920 id
205 2859 410 2940 potissimum
440 2858 527 2934 parti
557 2856 727 2936 coniugum
763 2845 953 2916 catholicae
979 2853 1175 2934 persuadere

54 2966 182 3045 satagit,
214 2983 254 3024 ne
286 2960 444 3043 scrupulis
477 2946 688 3022 conscientiae
719 2965 874 3041 angatur,
905 2961 934 3023 si
962 2958 1068 3042 proles
1099 2979 1175 3022 suae

53 3067 305 3132 inconfessione
327 3067 557 3148 protestantica
579 3048 806 3128 instituantur:
837 3087 909 3128 oum
938 3073 970 3128 et
991 3071 1173 3149 protestan-

52 3177 96 3236 tes
115 3176 151 3237 in
175 3156 290 3256 spiritu
321 3181 353 3235 et
381 3173 558 3235 substantia
589 3170 629 3234 ael
661 3169 841 3235 Ecclesiam
870 3171 1071 3235 catholicam
1098 3193 1173 3254 per-

52 3281 190 3360 tineant,
215 3286 248 3341 et
269 3277 356 3342 salus
378 3280 410 3339 in
433 3279 698 3340 Protestantismo
721 3299 784 3340 non
800 3279 905 3341 minus
939 3299 1034 3358 quam
1053 3279 1088 3339 in
1112 3280 1173 3340 Ca-

53 3385 233 3449 Eolieismo
254 3385 412 3464 obtineri,
441 3385 573 3465 insuper
599 3381 688 3447 nulla
710 3382 876 3464 Ecclesia,
910 3384 1082 3466 nequidem
1111 3385 1173 3446 Ga-

48 3491 187 3575 tltolica,
218 3491 259 3554 de
280 3509 315 3554 se
337 3487 523 3571 praedicare
545 3491 670 3570 possit,
701 3490 787 3571 quod
807 3473 880 3573 ipra
910 3493 955 3554 sit
981 3495 1175 3553 unasonve
1295 3543 1298 3554 .

52 3601 201 3676 niuster.
232 3597 268 3670 d)
292 3595 499 3658 conditiones
531 3598 570 3659 ab
599 3592 747 3658 Ecclesia
777 3597 994 3676 praescriptas
1025 3612 1174 3656 enervare

47 3702 157 3789 'rolens
182 3704 322 3785 Auctor,
344 3701 528 3764 contendit:
551 3700 800 3783 dispensationis
823 3700 1012 3764 Pontifieiae
1034 3700 1175 3762 necessi-

53 3811 144 3872 tatem
168 3808 291 3871 frustra
314 3804 458 3886 obtendi,
472 3813 569 3888 prout
591 3813 623 3870 et
637 3809 830 3888 promissum
855 3803 1172 3868 decatholicaomni·

55 3933 101 3978 um
130 3913 275 3997 prolium
307 3912 512 3992 educatione:
542 3934 614 3976 eum
636 3914 717 3990 haec,
740 3896 827 3993 parti
849 3911 1098 3994 protestantieae
1117 3910 1175 3987 ad·

52 4020 179 4085 1odum
199 4018 455 4102 praejudiciosa,
487 4025 519 4081 et
541 4040 599 4100 nec
631 4022 670 4082 ab
692 4017 841 4082 Ecclesia
865 4017 1037 4102 Catholica
1063 4017 1174 4080 stricte

39 4127 113 4191 nrt
133 4133 316 4210 praecepta.
352 4129 385 4199 e)
418 4125 530 4207 Quoad
554 4126 650 4189 ritum
671 4123 855 4189 celebrandi
876 4131 968 4193 matr.
987 4125 1086 4199 mixta
1116 4124 1175 4207 ob-

49 4234 278 4298 servatrsatis
298 4233 389 4312 fore,
419 4233 448 4294 si
468 4234 622 4296 nubentes
650 4252 740 4296 suum
764 4252 954 4296 consensum
983 4249 1091 4292 coram
1108 4228 1173 4288 ‘mi-

49 4340 150 4405 nistro
182 4339 415 4420 protestantico
454 4344 487 4403 et
514 4336 639 4400 duobus
681 4340 818 4401 testibus
852 4336 1176 4411 declarent.,sicque
