2798 4838
501 315 514 348 ³
589 332 641 349 ··-
665 296 820 368 638-

15 405 17 407 .
54 425 57 431 ’
132 443 345 524 ‘repitentibus
369 441 568 522 gravissimis
589 442 697 504 verbis
720 439 817 504 clero
846 461 906 504 suo
929 449 962 505 et
982 461 1042 524 per
1060 443 1151 507 hune
1181 444 1260 507 sueti

132 526 253 633 'populo
283 547 472 628 proposuit:
504 547 579 626 „lix
610 567 743 610 erroneo
771 546 812 609 de
841 548 1040 610 Matrimonii
1063 550 1260 628 ¹Sacramento

137 674 254 733 sensu,
276 651 443 716 Ecclesiae
459 650 552 714 fiilios
574 650 689 714 faciles
712 673 784 716 esse
803 653 846 718 ad
859 655 999 717 ineunda
1016 673 1089 716 com
1106 660 1263 719 haereticis

88 784 94 814 ε
131 759 314 839 corocina,
344 777 425 838 puae
441 758 533 839 juxta
564 757 772 821 Benedictum
794 760 879 825 XIV.
917 757 1069 825 Ecclesia
1102 761 1261 833 catholica

137 884 263 945 semper
282 863 484 945 reprobavit,
507 869 540 926 et
560 865 655 945 juxta
675 848 768 927 Pium
785 865 856 930 Vll.
880 868 921 928 ob
944 867 1169 947 perversioris
1188 869 1261 949 peri-

134 971 262 1050 culum,
291 968 380 1050 ,quod
409 969 495 1050 parti
526 952 721 1050 catllolicae,
760 969 968 1053 prolibusque
990 970 1075 1034 ‘inde
1107 974 1259 1053 imminet,

88 1127 90 1132 .
136 1081 254 1142 Sancta
275 1075 336 1137 Del
358 1073 507 1137 Ecclesia
529 1077 727 1141 incessanter
750 1078 857 1160 fuerat
878 1084 1040 1153 aversata;
1073 1078 1201 1141 demum
1219 1081 1258 1141 ln·

130 1183 367 1246 differentismo
388 1182 511 1243 animos
534 1181 680 1244 fidelium
693 1190 886 1264 occupante,
906 1180 1083 1245 invaluisse
1103 1189 1258 1267 iniprtlarl·

130 1309 218 1352 'mom
239 1285 334 1349 illam
351 1287 437 1348 inter
459 1286 646 1359 catholicos
679 1296 711 1350 et
731 1290 912 1352 haereticos
943 1290 1101 1370 coniuges
1134 1309 1255 1351 conten·

98 1411 99 1414 ’
134 1397 276 1470 tionem,
309 1399 345 1454 ut
365 1391 506 1455 mascula
528 1391 637 1474 proles
668 1396 791 1474 patris,
823 1395 960 1458 foemina
991 1396 1107 1457 matris
1140 1395 1259 1477 religio-

103 1573 108 1596 ·
134 1522 206 1564 nem
228 1502 401 1582 seqrratur,
425 1505 456 1560 et
474 1494 583 1561 taliter
599 1498 762 1563 funestam
775 1501 968 1563 christianae
991 1500 1183 1564 educationi
1199 1521 1258 1583 per·

24 1621 25 1625 ’
134 1610 250 1669 niciem
273 1605 400 1685 induci,
422 1603 528 1686 palam
550 1605 750 1668 adversando
773 1608 855 1687 ipsis
874 1607 1058 1689 Religionis
1078 1606 1257 1669 Catholicae

12 1758 14 1762 -
130 1712 322 1795 principiis,
346 1730 426 1791 quac
450 1731 520 1772 cum
543 1731 605 1773 una
628 1713 671 1774 sit
693 1719 823 1791 sancta,
845 1732 907 1775 una
928 1731 1022 1791 vera,
1056 1733 1121 1775 una
1145 1712 1256 1790 divina,

86 1830 92 1842 ’·
131 1828 254 1882 ceteras
278 1814 440 1896 quaslibet
462 1817 569 1878 reiicit
596 1817 838 1898 professiones,
868 1838 971 1898 neque
999 1817 1039 1879 id
1069 1821 1257 1880 committere

133 1932 264 2006 potest,
287 1929 323 1986 ut
346 1943 383 1984 ex
404 1923 524 2006 nuptiis
549 1943 606 1985 sua
629 1925 820 1985 auctoritate
843 1922 1027 1985 conciliatis
1051 1924 1167 2005 proles
1199 1945 1256 1987 suc-

133 2036 277 2113 crescat,
300 2048 380 2110 quae
401 2029 435 2089 in
459 2029 585 2090 Christi
617 2047 713 2109 grege
742 2049 805 2090 non
839 2026 1040 2091 censeatur-3¹
1072 2031 1256 2093 Gravissima

132 2139 213 2201 haec
236 2135 275 2197 de
297 2134 406 2195 vetitis
429 2136 567 2214 nuptiis
581 2135 689 2196 mixtis
719 2135 883 2195 institutio
907 2133 1109 2216 l'raesulea,
1139 2136 1256 2218 quaein

50 2319 54 2326 .
131 2241 290 2335 reliquo
280 2240 362 2320 ipsis
385 2240 902 2326 verilisSummoruml’ontilicum
924 2248 1082 2332 concepta
1108 2248 1161 2303 est
1181 2237 1254 2317 ¹⁰²⁹),

133 2356 165 2421 et
185 2346 375 2431 praesertim
398 2325 613 2407 adhibitum
604 2366 639 2407 m
662 2365 700 2407 ea
731 2320 963 2439 hoereticorum
991 2346 1188 2410 vocabulum
1214 2365 1254 2406 te·

131 2431 298 2518 ltementet·
329 2448 496 2532 displicuit
517 2428 796 2515 Protestantihus:
828 2453 883 2531 qui
910 2449 1005 2542 plane
1039 2472 1104 2535 ope
1129 2454 1253 2535 Reprae

127 2560 349 2626 tentationum
369 2556 412 2620 ad
429 2557 594 2620 ἸΙιιοιιιιιιι
607 2559 745 2639 Regium
767 2579 826 2639 per
844 2559 1173 2639 Superintendentias
1194 2576 1251 2619 suas

104 2667 354 2747 directarum,
379 2664 531 2726 adversus
553 2667 735 2746 Episcopos
764 2661 935 2744 laudatos,
968 2664 1057 2744 quod
1079 2663 1251 2727 Protestan-

47 2755 53 2763 ⁸
132 2779 182 2835 tes
205 2773 311 2833 acrius
332 2771 599 2850 perstrinxerint,
632 2777 665 2832 et
686 2771 867 2832 haereticos
898 2768 1186 2848 compellaveriut,
1212 2788 1251 2830 er·

130 2856 380 2961 postulare'nou
414 2874 609 2938 dubitarunt.
631 2873 709 2949 ¹⁰³⁰)
755 2879 843 2957 Quae
876 2897 927 2939 res
959 2877 1171 2964 occasionem
1205 2892 1250 2936 una

130 2984 279 3068 praebuit
308 2982 476 3062 agitandao
507 2980 597 3043 illius
631 2983 848 3062 quaestionisr
879 3002 922 3044 aa
949 3002 1017 3042 nore
1046 2988 1250 3045 ordinatiore

133 3095 383 3170 Episcopcrum,
405 3092 520 3166 quitur
542 3091 632 3149 clero
654 3097 685 3149 et
706 3092 824 3166 Populo
845 3093 1060 3165 Dloeceecrro,
1085 3094 1141 3151 oei
1159 3093 1250 3150 auter

129 3201 219 3275 porti
247 3187 420 3270 utriusque
449 3194 551 3253 eccae
581 3198 784 3271 olliputlocea
813 3200 1049 3272 imponuntur,
1085 3195 1248 3272 quaerela

131 3305 276 3383 publicae
296 3303 408 3360 Statura
429 3303 653 3360 correlationes
672 3301 839 3375 tellumone
855 3284 993 3380 dotent,
1016 3309 1193 3379 aretepuoot
1210 3306 1248 3359 tt·

137 3452 383 3468 Μ

201 3546 285 3609 1029)
304 3547 397 3599 Verbo
415 3544 462 3595 illa
489 3548 617 3596 desumta'
638 3553 701 3596 sunt
719 3562 751 3597 ex
771 3546 886 3598 constit.
912 3549 1057 3598 Benedicti
1077 3551 1158 3600 XIV.
1175 3549 1212 3596 di.
1227 3544 1244 3590 l·
1293 3568 1295 3577 =

164 3646 234 3694 Nou.
253 3641 337 3694 1741.
360 3638 567 3704 ,‚lltlatrimonia,
595 3652 662 3699 quoe
685 3638 713 3688 in
732 3636 830 3702 loeis’';
856 3639 920 3688 item
938 3653 954 3688 c
972 3639 1061 3690 Brevi
1082 3644 1131 3692 Pii
1151 3639 1206 3690 vlt.
1220 3631 1243 3681 tl

71 3766 72 3770 =
159 3727 257 3786 Vicat.
276 3734 401 3782 llommor
420 3732 463 3779 dd.
482 3729 527 3780 23.
545 3727 635 3790 April.
653 3730 732 3780 1817.
751 3737 779 3781 et
797 3733 840 3780 dd.
858 3730 901 3782 31.
922 3729 980 3781 llct.
1002 3733 1086 3784 1819.
1107 3737 1203 3784 demon
1216 3737 1240 3775 c!

165 3825 280 3887 ltucycl.
298 3825 399 3875 Leonis
417 3823 485 3873 ΧῙΙ.
503 3822 538 3870 cd
556 3822 624 3884 lipp.
640 3821 683 3871 dd.
702 3821 744 3873 19.
763 3824 932 3894 11881825.
957 3822 1024 3874 Vid.
1044 3827 1076 3874 Μ
1086 3840 1102 3876 o
1113 3817 1240 3877 numdi

61 3900 63 3905 “
166 3932 228 3983 pag.
256 3915 299 3965 uo.
326 3943 362 3952 -
388 3915 479 3964 uon.
507 3912 568 3963 ιιι.
598 3919 626 3963 et
653 3913 714 3964 ιιι.
741 3928 804 3981 pag.
837 3914 897 3966 rer.
925 3912 986 3964 166.
1017 3939 1053 3951 -
1078 3919 1170 3969 uon.
1195 3910 1240 3964 rot

165 4023 225 4074 pag.
246 4006 306 4057 197.
659 4030 662 4035 >

198 4094 282 4159 1030)
302 4098 446 4146 Adversus
467 4093 638 4154 liucyclleum
662 4097 790 4155 Episcopi
814 4099 1011 4149 liceoocieocir
1030 4101 1129 4153 chorte
1152 4100 1238 4152 leniti*

163 4190 275 4257 uulgata
301 4194 439 4240 esterno
474 4178 551 4238 1838.
579 4189 606 4237 iu
642 4188 785 4250 Ephemer.
823 4191 987 4252 Allpemeirte
1023 4193 1235 4246 Ktrecenelmt

160 4277 424 4337 peraccederet&
445 4281 493 4327 No.
513 4275 579 4329 109.
599 4283 648 4331 sed
667 4281 710 4332 ina
729 4281 805 4342 Sica,
825 4283 968 4345 Acastum.
991 4282 1085 4347 1838,
1114 4288 1160 4337 Νι.
1185 4273 1233 4334 lid

161 4381 284 4431 refutato.
305 4376 338 4425 cl.
358 4378 413 4422 rtet.
434 4366 519 4420 1017·
