2798 4838
677 260 897 336 ..s-544..

233 404 355 474 tlrolice
377 405 557 472 educandis
578 408 726 480 cautione
756 427 853 488 porro
877 408 972 469 etiarn
992 413 1234 497 conservetur,
1264 405 1348 488 idque

233 517 295 579 hoc
318 515 440 596 magis,
463 514 549 597 quod
569 515 603 576 in
625 515 738 594 Regno
760 513 944 592 Hungariae
967 517 1059 574 matr.
1082 513 1182 573 mixta
1204 510 1278 592 lege
1297 513 1350 574 lie-

234 622 290 704 gni
310 620 484 705 admissa,
515 617 605 682 nulla
634 608 709 680 vero
738 616 878 680 concilii
909 618 1115 680 oecumenici
1143 615 1219 697 lege
1248 619 1351 695 vetita,

226 723 344 812 plane
351 726 520 807 reprobari
543 731 576 787 et
596 724 739 787 damnari
760 722 848 804 haud
868 724 1012 805 posslut”
1021 719 1112 796 ¹⁰4²)=
1146 723 1292 785 Paroclsi
1317 722 1352 784 al

228 834 304 921 *tera
325 829 396 894 vice
418 829 579 913 supplices
600 831 765 911 Episcopo
787 829 867 892 facti
889 837 982 909 sunt,
1005 835 1058 910 ut,
1088 848 1188 910 quum
1221 829 1352 908 quaestio
1386 835 1393 860 ⁸

189 967 194 1019 J
228 936 316 1005 *haec
337 955 401 999 non
423 956 461 1001 ex
482 938 594 999 obtutu
616 922 707 999 civili
725 955 764 999 ae
793 933 951 1016 politico,
962 933 1032 996 sed
1060 934 1288 1015 praeferentes
1314 954 1353 995 ec-

141 1120 144 1127 ,
193 1081 196 1095 v
235 1040 421 1106 clesiastico
443 1041 628 1122 pensanda,
649 1040 711 1113 lex
722 1061 796 1104 vero
821 1039 987 1103 Ecclesiae
1017 1042 1229 1104 matrimonia
1259 1039 1353 1100 catha

236 1144 373 1209 licorum
386 1147 659 1211 cumuaereucis
680 1147 857 1226 prohibens
878 1166 937 1208 nec
958 1146 1022 1209 nisi
1044 1147 1104 1207 sub
1127 1147 1232 1207 certic
1263 1151 1353 1206 carite-

116 1327 118 1330 Α
236 1250 279 1315 lis
302 1251 473 1315 admittent
496 1258 563 1315 tum
586 1273 624 1317 er
646 1254 775 1314 Canone
798 1249 938 1314 Concilii
961 1252 1042 1313 Gen.
1066 1242 1353 1320 chalcedonensis,

233 1355 307 1420 'tum
327 1357 362 1418 in
383 1358 493 1421 Patria
525 1379 563 1421 eu
591 1376 711 1421 canone
742 1356 866 1439 Synodi
895 1354 1075 1419 Nationalis
1107 1357 1318 1418 Posoniensis
1336 1375 1357 1415 a.

194 1488 195 1492 ¹
241 1467 333 1526 1309.
357 1470 445 1537 certa
467 1465 528 1525 sit:
562 1461 767 1525 accomodam
795 1463 1000 1525 inviationem
1031 1464 1116 1524 circa
1148 1461 1292 1547 qualiter
1317 1481 1357 1521 ce·

238 1565 409 1632 lebrandas
439 1569 553 1631 mistas
588 1571 719 1649 nuptias
757 1568 916 1648 impertiri
952 1564 1028 1628 velit
1063 1560 1153 1647 3⁰⁴³).
1188 1568 1235 1629 At
1271 1585 1359 1647 neque
1396 1612 1398 1621 1

182 1750 189 1769 ἱ
237 1673 299 1736 hac
320 1672 499 1736 vicesima
518 1675 709 1756 rescriptum
742 1680 792 1736 est
820 1673 860 1736 ab
892 1672 1011 1734 Officio
1040 1672 1249 1737 Dioecessnc
1280 1691 1359 1754 paro-

239 1778 329 1843 clrisr
361 1789 455 1860 quam
487 1780 573 1863 quod
604 1799 763 1860 eousque,
802 1764 928 1841 donec·¹
944 1775 1167 1839 universaliter
1201 1776 1360 1857 quidquam

238 1884 301 1948 hoc
322 1885 355 1946 in
380 1887 495 1947 merito
518 1886 727 1948 constitutum
747 1885 867 1963 fuerit,
891 1885 992 1945 satius
1023 1884 1065 1944 sit
1097 1884 1174 1944 usul
1207 1884 1360 1945 immemo-

149 2025 153 2034 ·
240 1988 315 2055 riali
346 1992 517 2070 insistere,
548 2010 643 2071 quam
670 2011 728 2074 per
759 1989 997 2071 denegationem
1027 1986 1274 2050 benedictionis
1302 2004 1361 2070 par·

134 2184 137 2190 A
240 2102 305 2159 tens
328 2094 520 2159 catholicam
542 2097 582 2159 ab
604 2093 754 2160 Ecclesia
784 2115 916 2178 prorsus
949 2092 1152 2168 abalienare;
1184 2112 1287 2175 porro
1315 2094 1362 2155 sul

242 2201 429 2281 quaestione
450 2202 556 2263 adhuc
577 2202 719 2301 positum
742 2221 831 2280 esse,
854 2222 894 2263 an
926 2202 1071 2263 Canones
1102 2200 1208 2262 Conc.
1244 2197 1364 2263 chalce

243 2304 397 2368 dunensis
428 2313 461 2369 et
488 2308 696 2369 Posoniensis
724 2306 767 2372 ad
796 2305 1005 2387 Evangelicos
1034 2304 1192 2368 tardioris
1224 2308 1294 2369 aevi
1319 2326 1364 2386 ap

241 2408 361 2492 plicari
382 2412 510 2493 possint
535 2406 612 2486 ¹⁰4⁴)
624 2414 640 2475 ’Ξ
597 2415 767 2491 >Quare
798 2414 910 2475 curati
938 2413 1035 2474 tortia
1063 2430 1197 2492 quoque
1229 2413 1298 2475 uice
1323 2430 1363 2472 re·

242 2523 508 2608 praesentarunt,
530 2517 697 2579 candide
688 2537 751 2580 ram
782 2515 995 2579 declarando:
1028 2537 1062 2579 se
1093 2519 1128 2578 in
1159 2515 1363 2580 conciliandis

243 2623 353 2686 mixtis
376 2625 496 2705 nuptiis
518 2607 736 2703 inposterum
766 2624 1021 2685 constitutiones
1051 2623 1266 2686 Summarum
1294 2623 1364 2683 Pon-

137 2719 138 2723 *
244 2731 368 2792 tlflcum
407 2727 586 2791 omnimode
627 2734 828 2806 servaturos,
860 2722 1043 2809 nullamque
1078 2726 1194 2808 legum
1240 2727 1363 2790 civilium

245 2833 350 2916 quoad
373 2833 584 2916 spiritualia
575 2854 608 2894 m
631 2831 802 2895 collisione
825 2854 896 2896 cum
919 2836 1019 2897 sacris
1042 2832 1219 2896 Ecclesiae
1252 2832 1363 2896 canoni·

245 2940 306 3002 bus
328 2939 583 3023 praecedentiam
605 2940 771 3020 agnituros
798 2934 894 3016 ¹⁰4⁵);
919 2946 951 3001 et
972 2937 1133 3019 siquidem
1154 2959 1222 3001 nec
1253 2939 1293 3002 ad
1313 2945 1363 2999 ter·

244 3047 325 3107 tiam
345 3045 670 3128 repraesentationem
693 3044 910 3107 desideratum
932 3065 951 3107 a
972 3043 1128 3106 Pracsnle
1161 3046 1364 3106 obtinuissent

245 3170 455 3231 responsum,
478 3149 591 3212 sedet
618 3169 699 3212 nunc
729 3149 771 3211 ad
801 3152 932 3212 obtutus
962 3148 1363 3231 politico-ecclesiasticos

245 3254 382 3335 relegati
411 3255 552 3316 fuissent
578 3251 677 3329 ¹⁰4⁶)=
709 3254 782 3318 data
820 3263 983 3338 postrema
1012 3258 1309 3335 remonstratione‚
1339 3254 1363 3313 ir

246 3376 307 3451 qua
338 3357 528 3440 discipliuae
564 3359 730 3423 Ecclesiae
768 3362 852 3424 circa
883 3369 975 3423 matr.
1006 3362 1104 3422 mixta
1135 3362 1363 3424 fundamentum

231 3463 411 3548 ¹praeclare
443 3462 643 3551 evolverunt,
673 3486 763 3529 suam
793 3466 835 3529 ad
873 3469 1009 3530 Decreta
1042 3466 1261 3548 Apostolicae
1287 3463 1363 3527 Sedis

246 3571 476 3636 adhaesionem
498 3569 603 3634 denuo
626 3569 801 3636 solenniter
822 3566 963 3654 professi
985 3580 1078 3655 sunt,
1102 3593 1208 3655 seque
1231 3576 1312 3637 iuxta
1330 3565 1361 3628 ll·

251 3709 494 3733 *nn-.—

317 3824 402 3889 1042)
421 3828 512 3878 Mon.
531 3826 592 3877 339.
610 3840 672 3893 pag
691 3825 744 3878 663

314 3913 404 3979 1013)
422 3918 510 3968 Mon.
530 3916 590 3969 360.
612 3932 675 3986 pag.
694 3917 754 3970 666.

319 4003 404 4070 1011)
422 4009 452 4058 Μ
461 4024 513 4060 on
531 4008 593 4061 361.
613 4024 676 4075 pag.
694 4008 755 4062 672.

320 4095 403 4162 1016)
421 4101 510 4152 Mon
528 4101 591 4152 362.
611 4116 672 4167 psg.
691 4100 752 4152 673

320 4185 405 4253 1016)
424 4191 511 4243 Mon.
530 4191 591 4244 363.
611 4207 673 4259 psg.
692 4191 753 4244 677.
