2798 4838
557 239 787 314 ..295-

133 387 321 452 tahistorlce
342 388 516 470 proponit,
539 393 572 448 et
592 383 688 449 simui
709 387 742 447 iu
765 405 893 449 examen
915 391 1042 449 revocat
1077 385 1235 469 principia

133 497 167 556 sic
184 492 266 556 dicta
288 491 585 571 constitutionalia,
616 512 751 573 quorum
781 491 877 554 ductu
908 490 1057 554 hodierni
1087 504 1236 575 praeten-

132 599 208 676 dunt,
230 597 364 673 adiuro
386 598 494 661 Status
526 599 707 680 pertinere,
738 603 773 659 ut
803 598 887 661 cives
915 598 949 660 in
978 597 1128 661 libertate
1159 617 1236 661 con·

132 705 262 766 scientiae
285 703 519 785 quodammodo
548 710 676 766 tueatur
706 724 742 767 ac
770 709 902 768 cateiam
932 701 1060 767 illorum
1091 709 1236 768 exerceat

135 809 397 890 (ierormunden),
419 830 457 874 ac
478 810 615 890 proinde
637 810 858 891 praescribat,
881 807 1018 891 qualiter
1044 809 1127 891 ipsi,
1159 806 1235 874 dum

131 915 160 975 ad
176 922 294 979 rectum
317 937 409 978 usum
430 914 592 978 libertatis
608 914 781 996 religiosae
796 935 856 998 per
869 916 1144 982 Reformationem
1161 915 1231 979 Soc.

131 1019 193 1084 liiii.
214 1021 330 1085 iisdem
354 1022 501 1085 adsertae
523 1043 561 1084 ex
583 1042 618 1084 se
640 1020 822 1084 faciendum
844 1021 1074 1100 maturuerint,
1091 1011 1233 1085 ciusdem

129 1122 267 1190 libertatis
292 1149 383 1190 usum
405 1127 512 1190 facere
534 1127 681 1190 debeant.
705 1127 874 1190 Coactivas
890 1127 1000 1190 Status
1022 1126 1086 1189 hoo
1099 1127 1133 1188 in
1149 1147 1230 1210 pun-

128 1236 167 1292 cto
181 1231 270 1315 leges
293 1233 440 1313 damnat,
462 1253 521 1296 nec
543 1230 637 1294 aliter
659 1231 845 1295 collisiones
866 1233 961 1294 vitari
983 1251 1080 1315 posse
1103 1239 1233 1314 censet,

127 1340 251 1412 quamsi
274 1337 496 1410 determinatio
519 1337 745 1420 religionarice
765 1333 908 1419 prolium
941 1337 1140 1403 educationis
1173 1360 1231 1422 pa·

127 1445 252 1505 rentibus
275 1443 485 1527 relinquatur.

210 1553 283 1612 142.
310 1541 394 1614 [lter
415 1555 466 1612 dia
482 1551 694 1629 Aarsepaaug
715 1553 1059 1629 derWdchueriuucn,
1081 1559 1230 1613 mouent·

124 1655 172 1716 iich
188 1657 387 1740 dcrjcaiqea,
409 1660 460 1719 otio
479 1661 515 1718 ia
533 1660 726 1735 peasischtcn
747 1660 839 1720 Eheu
860 1661 957 1719 ichen.
980 1659 1141 1718 Kotholth.
1176 1661 1230 1718 66.

125 1760 266 1824 B.1837.
295 1783 327 1840 p.
358 1766 553 1846 148-154,
583 1762 840 1824 benedictionem
869 1760 1035 1843 puerperis
1065 1760 1100 1822 in
1128 1760 1227 1822 mixto

126 1868 263 1929 connubio
286 1869 468 1931 constitutis
491 1875 566 1952 tuno
588 1874 710 1931 tantum
739 1864 881 1947 impendi
908 1886 1008 1946 posse
1039 1866 1171 1950 statuit,
1202 1867 1232 1928 si

126 1971 364 2052 conditionibus,
387 1992 465 2053 quas
486 1972 633 2037 Ecclesia
664 1974 747 2036 circa
777 1973 855 2035 haec
884 1973 1041 2034 connubia
1070 1973 1230 2055 praescri-

126 2073 175 2156 bit,
194 2077 425 2141 satisfecerint.
1212 2057 1214 2063 λ

207 2187 279 2246 143.
300 2185 523 2270 Binterim,
545 2188 727 2248 dissertatio
748 2191 787 2248 dc
813 2205 880 2247 noa
908 2187 1142 2246 introducenda
1170 2203 1232 2246 uo-⁴

125 2287 190 2349 huni
210 2294 479 2352 benedictionem
501 2297 652 2370 temptam
670 2311 830 2370 puerpera
851 2294 1024 2369 catholica,
1041 2293 1134 2352 caiae
1149 2308 1231 2368 pro·

125 2393 157 2452 io
179 2414 242 2456 non
270 2405 319 2458 cst
347 2415 368 2456 a
395 2401 550 2459 catholico
586 2401 726 2476 parocho
757 2400 923 2475 baptisato.
952 2399 1096 2460 uocauit.
1128 2400 1230 2458 1837.

126 2494 312 2562 Occasionem
335 2499 375 2562 de
397 2501 458 2563 hac
482 2506 666 2585 quaestione
690 2523 728 2564 er
748 2502 897 2583 professo
921 2500 1081 2564 scribendi
1117 2502 1233 2564 sumsit

125 2607 373 2668 cconuovcrsia
401 2608 434 2669 iu
471 2608 716 2671 Archidioeccsi
750 2605 937 2670 Coloniensi
969 2609 1009 2669 ob
1044 2606 1231 2687 denegatam

125 2708 229 2773 uulieri
254 2711 451 2792 catholicae,
476 2735 556 2793 quae
579 2712 701 2775 liberos
730 2733 808 2775 suos
839 2713 1039 2774 confessioni
1070 2710 1230 2793 evangeli·

125 2831 164 2876 eae
183 2825 298 2897 sponte
320 2817 464 2896 addixit,
486 2819 740 2881 benedictionem
765 2824 866 2880 enata.
890 2816 1055 2880 Sententia
1077 2816 1146 2879 eius
1169 2823 1231 2881 estc

124 2937 291 3004 puerperam
314 2922 525 3003 catholicam,
549 2945 629 3006 quae
651 2912 769 3006 spretis
791 2920 958 2986 Ecclesiae
979 2920 1127 3002 legibus,
1152 2944 1228 3002 pro-

124 3028 227 3108 priique
250 3030 384 3111 parochi
405 3030 615 3092 ministerium
637 3027 820 3107 renuendo,
843 3027 968 3110 prolem
985 3048 1074 3091 suam
1097 3048 1155 3110 per
1170 3032 1230 3092 mi·

123 3131 238 3197 sistrum
261 3134 477 3217 evangelicum
497 3130 653 3219 baptisari
674 3136 774 3215 iecit,
802 3134 865 3197 hoc
893 3137 966 3216 ipso
999 3136 1149 3200 amisisse
1177 3139 1229 3202 ius

123 3241 258 3315 petendae
287 3262 305 3304 a
335 3241 477 3323 parocho
510 3240 669 3305 catholico
708 3240 961 3303 benedictionis=
998 3262 1101 3323 neque
1137 3243 1228 3325 prius

121 3337 184 3408 lanc
204 3347 347 3429 impendi
369 3367 484 3430 posse,
508 3369 601 3428 quam
635 3345 750 3410 mulier
781 3347 821 3410 dc
852 3353 983 3430 peccato
1013 3368 1071 3410 suo
1108 3347 1227 3412 doleat.

121 3447 157 3512 ld
182 3456 401 3534 quaestionem
439 3460 564 3516 autem:
600 3474 639 3516 an
665 3455 835 3535 ‘Episcopo
867 3453 1123 3516 benedictionem
1157 3455 1228 3516 sine

121 3551 288 3622 discrimine
309 3561 437 3621 iubente
459 3559 619 3641 parochus
642 3557 736 3620 talem
752 3559 911 3639 impertiri
928 3560 1059 3639 possiti
1080 3560 1228 3640 reponit:
1345 3558 1354 3564 “

121 3665 234 3736 parochi
254 3666 347 3745 iore,
368 3667 510 3727 rationes
533 3684 606 3727 suas
630 3662 797 3725 dubitandi
818 3665 972 3743 maxima,
995 3684 1056 3744 qua
1077 3684 1136 3745 par
1158 3672 1229 3745 cst,

121 3767 302 3833 observantia
323 3773 487 3853 Episcopo
509 3777 751 3851 repraesentare
774 3775 805 3831 et
826 3768 968 3832 mandati
989 3767 1079 3831 illius
1097 3787 1225 3832 revoca-

119 3869 219 3938 tionem
241 3883 359 3957 petere.
383 3879 531 3941 Ceterum
554 3884 676 3939 auctor,
695 3895 758 3947 nou
780 3884 894 3956 negate
927 3875 1138 3954 denegatione
1167 3877 1224 3938 bess

117 3979 296 4045 ledictiouis
318 4003 488 4047 causarum
517 3983 642 4063 infligi:
670 4001 778 4044 verum
809 3979 920 4076 addit:
949 4000 1113 4043 censuram
1144 3981 1226 4043 banc

114 4093 165 4149 hon
186 4111 204 4152 a
226 4090 367 4171 parocho
400 4091 536 4170 primum
564 4087 688 4167 infligi,
719 4087 777 4149 scd
809 4086 939 4149 eandem
968 4089 1032 4149 iam
1065 4087 1226 4149 duduma

113 4182 259 4258 Consiliis
280 4194 378 4258 latum
399 4197 431 4256 in
456 4195 672 4257 executionem
697 4194 796 4269 sumi3
827 4213 887 4254 uec
918 4192 1098 4272 diiiitetur,
1130 4191 1225 4254 dene-

113 4300 261 4366 sationem
284 4301 515 4363 benedictionis
540 4300 654 4363 efficax
685 4297 825 4362 medium
856 4297 896 4361 ad
930 4297 1155 4362 deterrendum
1187 4299 1227 4359 ab
