2798 4838
581 300 880 379 -589-'
1009 318 1013 327 “

130 455 286 520 claudere
309 451 394 516 haud
416 473 610 537 possumus,
632 454 708 532 quin
733 473 770 516 ca
791 451 897 514 atlhtm
918 454 1059 515 breviter
1078 470 1267 535 percensea-

131 582 225 642 mus,
258 580 318 642 que
347 558 519 622 Praesules
552 560 656 639 Regni
679 559 855 639 Hungerlci
889 567 921 622 et
953 560 1083 638 lmperli
1107 561 1268 622 Austrisei
1320 601 1321 605 =

130 673 168 732 in
191 669 308 730 merito
335 673 427 728 matr.
451 669 621 727 mixtorum
651 685 689 726 ex
718 663 917 746 obligatione
946 684 1022 726 suae
1050 663 1092 727 acl
1116 666 1269 729 Centrum
1294 646 1296 652 Ι

131 773 387 840 Ecclesiasticae
411 772 574 849 Unitatis,
605 772 781 833 Romanum
805 773 924 852 quippe
945 770 1154 849 Pontificem,
1183 760 1268 832 rela-
1338 831 1340 836 .

131 881 235 944 tionis
265 900 304 940 ac
332 877 583 940 necessitudinis
615 886 757 957 egerunt.
791 877 972 958 Principem
998 876 1050 936 hic
1071 874 1180 937 locum
1201 862 1289 939 mo·‘l

132 988 199 1049 rito
223 985 393 1047 tribuimus
423 988 605 1062 Epistulae,
637 1001 729 1062 quam
752 984 987 1060 Arctiepiacopi
1009 985 1110 1060 lteqnt
1130 988 1270 1061 Huapa-
1393 1051 1395 1055 .

134 1097 205 1154 riae
233 1109 305 1151 cum
336 1109 395 1151 suo
425 1099 491 1150 tum
514 1088 791 1167 Suffragaueorum
821 1107 951 1149 suorum
974 1089 1102 1149 nomine
1135 1086 1191 1150 dd.
1217 1095 1267 1151 lt).

136 1197 212 1259 luni
233 1200 326 1258 1840.
349 1193 391 1256 acl
414 1195 576 1256 Summum
599 1194 788 1255 Pontificem
811 1200 990 1255 exararunt.
1024 1194 1059 1255 lu
1092 1214 1127 1255 ea
1159 1196 1264 1276 primo

113 1287 255 1364 ¹statum
294 1301 494 1381 quaestionis
533 1306 756 1361 controversae
779 1318 850 1362 cum
880 1300 1039 1362 historica
1071 1299 1266 1385 deductione

136 1414 317 1487 exponuut3
341 1414 408 1467 tum
432 1406 471 1467 ad
493 1405 597 1486 legem
620 1403 744 1466 civilem
769 1425 797 1466 a.
814 1404 933 1481 ‘¹79⁰s1·
957 1424 1037 1485 quae
1060 1412 1152 1467 matr.
1171 1407 1270 1469 mixta

139 1500 270 1592 semper
293 1530 398 1572 coram
421 1512 574 1592 parochis
599 1508 766 1572 catholicis
788 1512 863 1572 iniri
885 1512 1064 1592 praecipit,
1093 1517 1125 1573 et
1154 1510 1271 1574 lisdem

136 1614 365 1698 impedimenta
389 1616 455 1679 ullo
479 1619 537 1679 sub
560 1622 727 1696 praetextu
754 1617 829 1697 poni
851 1623 956 1694 vetat,
990 1614 1110 1678 Summi
1133 1618 1271 1680 Pontifi-

138 1725 187 1785 eis
217 1724 426 1784 attentionem
454 1731 649 1802 provocant,
685 1721 836 1803 ultroque
877 1724 1088 1802 confitentur,
1126 1742 1144 1785 a
1171 1720 1272 1804 longo

137 1831 202 1890 iam
225 1835 370 1908 tempore
393 1829 657 1891 consuetudinem
688 1829 721 1889 in
743 1829 857 1908 Regno
878 1828 1073 1906 invaluisse,
1106 1836 1143 1890 ut
1171 1833 1271 1893 mixta
1318 1842 1322 1851 “

138 1936 297 1996 connubia
327 1935 422 1994 etiam
462 1936 543 1995 oltra
583 1935 769 2015 praestitam
809 1952 906 2012 saper
938 1932 1100 1997 catholica
1130 1918 1271 2017 prolium
1348 1978 1350 1982 -

138 2041 306 2119 utriusque
328 2058 422 2101 sexus
447 2038 862 2105 educationesecuritatem
893 2041 960 2100 ritu
981 2038 1060 2101 alias
1084 2040 1182 2103 solito
1214 2044 1271 2105 be-

139 2144 346 2221 nedicantur3
378 2150 454 2225 post
485 2145 564 2205 liaec
593 2143 776 2206 declarant:
809 2143 930 2224 selegi
956 2155 1152 2226 memoratae
1180 2147 1271 2211 civili

139 2252 219 2311 eitra
243 2251 432 2330 gravissima
455 2249 621 2313 Ecclesiae
643 2250 863 2330 incommoda,
887 2258 920 2312 et
940 2246 1187 2330 tranquillitatis
1212 2274 1272 2333 pu·

141 2353 243 2418 blicse
266 2357 537 2435 perturbationem
563 2376 599 2418 eo
625 2376 695 2419 cum
718 2357 854 2440 ellectu,
877 2356 912 2417 ni
934 2365 1026 2418 matr.
1045 2360 1161 2438 mista,
1195 2360 1272 2423 lum

143 2459 183 2541 tle
203 2460 362 2524 catholica
383 2461 520 2543 prolium
547 2462 735 2525 educatione
758 2468 964 2543 prospectum
986 2482 1048 2522 non
1080 2472 1148 2547 cst,
1176 2466 1272 2546 pror·-¹

141 2586 196 2628 sus
210 2587 272 2628 uon
291 2569 457 2646 ineantur,
481 2570 699 2629 contravenire
720 2568 806 2628 liaitcl
823 2562 939 2645 posse3
963 2577 1125 2645 exponunt
1142 2566 1271 2650 deinde,
1347 2634 1349 2639 ,

142 2692 307 2753 quamnam
329 2675 394 2753 ipsi
416 2674 449 2734 iu
473 2673 524 2733 his
548 2682 726 2754 temporum
747 2688 917 2753 rerumque
939 2674 1191 2738 circumstantiis
1223 2679 1272 2741 in·

140 2780 238 2841 ierint
265 2782 420 2841 rationem
442 2781 529 2840 circa
551 2781 648 2840 mixta
669 2779 891 2858 matrimonia,
914 2779 1057 2858 hancque
1073 2783 1274 2845 Auctoritate
1342 2861 1344 2867 Ι
1378 2838 1380 2843 .

140 2884 348 2968 Apostolieae
371 2885 465 2946 Sedis
494 2886 665 2966 approbari
689 2886 851 2964 flagitant3
875 2883 999 2955 deiciam
1023 2889 1201 2967 projectum
1223 2888 1272 2950 le-

141 2991 245 3072 gisia
269 2992 441 3073 postremis
464 2976 739 3070 Regni'Comitiis
771 2991 855 3050 circa
878 2988 1036 3054 connubia
1066 2994 1163 3055 mixta
1195 2990 1272 3056 con'-

141 3096 244 3158 ditum
278 3103 445 3173 enarrant,
468 3105 500 3157 et
531 3105 739 3178 opportunam
771 3113 831 3175 pro
850 3095 958 3157 futuro
989 3116 1086 3178 super
1113 3105 1185 3160 toto
1211 3101 1276 3162 lroc

141 3204 272 3280 negotio
304 3205 549 3265 instructionem
578 3201 741 3282 supplices
781 3211 912 3282 petunt,
943 3218 1003 3284 pro
1032 3204 1272 3270 'l'raussiltania

144 3323 271 3386 quoque
294 3309 532 3370 extendendam.
554 3305 631 3380 ¹¹²⁶)

229 3410 294 3472 ,ad
310 3413 490 3490 Epistulam
506 3414 830 3494 Archiepiscuporum
848 3416 950 3494 Regni
966 3416 1153 3495 lluugaricl,
1169 3412 1271 3497 ¹qttam

143 3520 286 3599 ipsorum
308 3516 435 3578 nomine
457 3518 729 3579 celebratissimus
759 3523 1024 3581 Caauaoicnst'am
1046 3517 1190 3583 Antiates
1211 3529 1275 3585 Jo-

142 3628 261 3701 aeplms
293 3629 446 3686 Lcaooita
478 3626 612 3686 Romam
645 3623 797 3704 pertulit,
837 3623 999 3704 arduaque
1038 3629 1146 3688 meriti
1177 3631 1276 3692 istius¹

143 3728 291 3810 adjuncta
313 3732 445 3792 uberius
468 3731 632 3811 esposuit,
654 3727 821 3808 respondit
848 3730 1040 3792 Summus
1064 3733 1276 3798 Pontifex
1318 3730 1320 3750 *

140 3839 209 3897 tum
230 3853 288 3916 per
315 3838 471 3920 Breve,
502 3843 568 3896 tum
596 3854 653 3916 per
683 3823 1029 3898 instructionem
1058 3856 1083 3898 a<
1109 3830 1275 3904 &amicali

142 3939 321 4003 Secretario
352 3943 461 4003 Status
493 3943 670 4023 signatam,
702 3939 755 4003 dd.
785 3947 836 4002 30.
854 3941 957 4022 April.
985 3947 1077 4004 1841.
1111 3946 1144 4006 ln
1177 3942 1278 4010 arist

140 4048 254 4128 paucis
277 4050 454 4126 praemissa
476 4049 636 4114 sententia
658 4046 845 4125 Ecclesiae,
877 4049 1034 4110 connubia
1063 4051 1159 4113 mista
1183 4051 1278 4116 trullo·

141 4171 205 4213 nou
227 4159 372 4234 tempore
394 4153 605 4232 detestantis,
629 4151 734 4216 selum
757 4152 945 4218 Praesulum
967 4174 1029 4217 non
1042 4156 1162 4239 minus·
1180 4174 1274 4238 quam

146 4274 394 4295 h-——n

216 4361 409 4433 uicinos.
428 4367 489 4448 ‘siai‘-
509 4381 570 4431 psg.
590 4367 650 4419 804.
