2798 4838
547 291 775 366 ..275-

114 455 173 514 ur,
207 453 287 515 quae
322 455 396 499 sane
434 436 471 496 in·
497 437 670 515 provinciis
702 432 918 499 Orientalibus
957 434 1037 517 alia,
1076 456 1169 518 quam
1196 440 1229 500 in

113 539 370 603 iccidentalibus
402 560 473 602 esse
496 547 663 622 nequeant.
687 572 728 586 -
759 545 839 604 Cum
871 540 912 604 ad
944 542 1003 605 bas
1032 542 1143 605 literas
1167 545 1230 606 lie·

113 649 173 722 ‚ius
205 647 358 709 Minister
385 647 439 709 dd.
459 651 510 709 so.
534 647 662 710 ianuar.
694 652 785 714 1837.
824 649 964 710 breviter
995 655 1027 711 et
1054 652 1232 729 categorica

116 753 325 834 eposnisseta
355 755 456 814 Breve
478 751 529 813 Pii
546 751 630 818 Viii.
654 750 695 814 ad
717 752 900 835 Episcopus
931 751 1083 816 duntaxat
1103 754 1231 818 Rhena-

113 877 162 928 ms
181 856 361 938 directum,
380 859 423 920 ad
442 860 621 927 Dioecesim
641 859 860 921 Gnesnensem
880 858 1007 921 extendi
1023 858 1109 921 haud
1124 878 1232 941 posse,

113 963 162 1026 cd
182 983 303 1024 morem
324 966 475 1026 casitatem
494 964 600 1045 quoad
613 962 830 1026 benedicenda
847 965 917 1025 sine
935 963 1122 1050 discrimine
1141 975 1232 1029 matr.

113 1071 203 1132 uinta
233 1088 331 1146 porro
364 1089 487 1151 quoque
517 1067 718 1131 retinendum
749 1087 842 1132 esset
872 1070 1146 1152 Arcbiepiscopus
1174 1091 1233 1134 no·

113 1195 174 1237 ἰιιιι
199 1173 558 1258 dd.15.·iipril.183⁷.
581 1174 932 1236 illinisteriossexltibuit
961 1175 1169 1240 Memoriales
1194 1179 1233 1239 in

113 1299 169 1362 puo
193 1278 322 1344 adserta
344 1282 487 1344 Ministri
520 1281 558 1342 de
588 1280 678 1363 prasi
709 1279 921 1342 benedicendi
949 1282 1017 1344 aine
1049 1281 1234 1345 discrimine

113 1388 221 1449 mixtas
246 1388 373 1467 nuptias
396 1387 428 1448 in
447 1388 597 1449 liioeeesi
616 1386 794 1448 Gnesnensi
817 1406 854 1448 ae
872 1386 1082 1450 Poscaniensi
1105 1390 1234 1467 rasitata,

113 1498 139 1558 et
157 1491 198 1552 de
224 1512 284 1569 eo,
316 1490 401 1572 quod
430 1494 530 1554 Breve
552 1492 704 1554 PiiVill.
736 1488 775 1552 ad
799 1493 983 1573 Episcopus
1011 1490 1115 1555 solum
1146 1493 1235 1556 ltne-

113 1617 204 1660 nanos
229 1597 387 1660 directum
414 1598 448 1658 in
473 1598 620 1658 iiioecesi
642 1596 821 1658 Gnesnensi
850 1600 990 1678 uigorem
1022 1598 1141 1660 ltab'cre
1169 1619 1232 1659 non

116 1704 234 1781 possit,
265 1700 369 1763 solide
390 1702 561 1780 rei'utavit,
594 1701 795 1780 ostenditque
827 1711 862 1774 a)
888 1703 1047 1783 principia
1069 1700 1234 1767 Ecclesiae

116 1806 295 1871 Catholicae
325 1809 547 1870 circumlatas
577 1808 704 1888 nuptias
733 1809 766 1868 iu
788 1810 881 1871 Brevi
907 1808 955 1869 Pii
978 1808 1062 1872 viti.
1085 1816 1233 1871 contenta

116 1913 149 1975 ad
165 1933 275 1975 omnes
295 1912 483 1976 Catbolicos
501 1913 679 1994 pertinere,
700 1932 769 1975 cnm
787 1912 827 1976 de
845 1912 1125 1989 administratione
1142 1915 1236 1978 unius

117 2019 313 2098 eiusdemque
343 2019 540 2081 sacramenti
571 2025 702 2098 agatur,
743 2019 821 2081 baec
852 2027 956 2082 autem
994 2022 1030 2081 in
1059 2021 1235 2102 provinciis

118 2124 328 2188 drientalibua
368 2125 477 2186 eadem
515 2143 587 2185 esse
618 2122 733 2186 debeat
765 2131 862 2205 atque
891 2126 923 2186 in
954 2124 1236 2203 Occidentiiibus3

118 2231 145 2304 b)
168 2252 206 2294 er
231 2229 375 2312 exemplo
397 2229 626 2292 nonnullorum
645 2230 907 2310 Presbyterorum
931 2231 1133 2295 matrimonia
1156 2232 1236 2294 mix-

119 2345 143 2400 ta
174 2337 455 2398 indiscriminatim
493 2334 750 2396 benedicentium
788 2334 845 2401 adl
863 2335 1074 2399 universalem
1114 2339 1240 2419 praxim

120 2442 259 2505 concludi
280 2462 344 2503 non
366 2461 482 2523 posse,
511 2460 569 2502 nec
592 2439 767 2521 exemplum
789 2439 872 2503 illud
894 2441 1059 2505 doctrinae
1083 2450 1117 2505 et
1138 2441 1237 2507 disci-

119 2546 215 2631 plinae
238 2547 404 2613 Ecclesiae
434 2546 689 2628 praejudicarep·
703 2548 737 2618 c)
761 2565 854 2625 eum,
867 2624 871 2631 .
886 2549 944 2627 qui,
970 2546 1098 2611 detecto
1128 2567 1237 2613 errore

121 2652 206 2721 talem
233 2675 301 2723 noa
327 2656 476 2718 obstante
507 2650 697 2714 universalis
729 2649 909 2715 Ecclesiae.
925 2653 1049 2734 Capitis
1062 2676 1065 2681 ’
1078 2654 1236 2723 sententia

123 2763 329 2837 continuaret,
361 2759 425 2820 isoc
446 2758 589 2836 ipso-ab
612 2756 733 2817 unitata
755 2754 922 2816 Ecclesiae
953 2777 1025 2819 sese
1048 2758 1238 2838 sejungere,

122 2862 150 2937 d)
171 2873 365 2935 constantem
394 2863 535 2924 fauisse
525 2881 558 2923 ιιι
587 2861 735 2923 liioecesi
759 2852 938 2946 Gnesnensi
968 2882 1005 2922 ac
1027 2864 1240 2927 l’osnauiensi
1330 2889 1332 2896 ·

123 2974 250 3050 praxim,
281 2976 373 3058 matr.
405 2970 502 3031 mixta
532 2968 661 3029 nonnisi
694 2987 769 3046 erga
801 2967 987 3046 praestitam
1019 2966 1057 3030 de
1090 2970 1238 3033 universa

124 3076 202 3167 prule
225 3074 383 3139 catholice
415 3072 577 3138 educanda
591 3069 779 3139 cautionem
811 3070 1095 3136 benedicendi.-
1117 3072 1237 3167 Neque

125 3162 212 3244 altera
244 3183 322 3245 haec
347 3182 498 3263 energian
531 3168 774 3261 Archiepiscdpi
812 3182 1065 3257 repraesentatio
1097 3187 1240 3269 optatum

125 3294 283 3351 consecuta
306 3292 357 3348 est
380 3282 545 3348 ellectum.
577 3286 642 3345 imo
665 3283 816 3346 Minister
844 3305 906 3344 non
929 3283 1023 3347 modo
1046 3286 1240 3370 Archiprae-

123 3393 212 3457 sulem
240 3395 325 3456 inter
348 3390 610 3455 comminationes
639 3391 835 3469 ingratorum
859 3376 1059 3477 sequelarum
1091 3413 1109 3455 a
1130 3390 1239 3475 publi

123 3484 235 3579 tatione
257 3502 369 3563 Brevis
391 3499 443 3560 Pii
459 3496 543 3560 Vlll
565 3503 621 3558 aut
642 3492 792 3559 mutanda
814 3493 904 3576 praxi
925 3497 1042 3557 virtute
1063 3486 1169 3579 legum
1193 3495 1240 3560 ci-

123 3594 220 3707 tilium
253 3596 436 3668 introducta
469 3605 500 3663 et
521 3600 721 3680 frequentata
752 3621 813 3679 ope
844 3600 1009 3681 Rescripti
1032 3598 1093 3663 dd.
1111 3605 1141 3662 3.
1159 3600 1241 3666 Maii

124 3682 208 3778 ldbi.
229 3708 389 3788 inhibuit,
422 3706 479 3770 se'd
508 3706 601 3768 etiarn
624 3705 813 3786 Supremam
834 3703 1035 3799 Provinciae
1043 3705 1241 3772 Posnanien-

121 3818 165 3891 sis
180 3812 368 3882 Praesidcm
389 3833 442 3876 eo
450 3814 573 3875 inviare
592 3831 654 3872 non
678 3808 856 3889 dubitavit,
891 3790 927 3870 ut
953 3806 1040 3874 ad
1019 3829 1126 3874 casum
1158 3808 1239 3880 ia'ci-

121 3924 268 3990 eddanum
306 3922 417 3985 neiors
456 3902 514 4002 per
542 3890 825 3995 Archiepiscdpum
847 3898 1109 3995 'dispositionum
1147 3924 1240 4002 praxi

118 4030 271 4096 hacteuus
293 4028 430 4091 usitatae
454 4023 704 4097 contrariarum,
736 4041 770 4082 se
791 4023 834 4082 ii'a
857 4020 1020 4101 opponere
1053 4021 1154 4086 oflicii
1188 4030 1240 4089 sui

116 4138 221 4217 dmi
248 4168 286 4217 ···.
311 4136 344 4195 ln
366 4133 462 4194 tertia
484 4128 772 4203 remonstratione,
802 4145 895 4204 quum
924 4124 966 4189 ad
988 4128 1240 4206 inexspectatum
1342 4117 1350 4126 ’

113 4228 282 4312 Ministri
292 4255 480 4318 responsum
511 4232 782 4314 Archiepiscopus
813 4230 868 4293 dd
899 4236 948 4292 14.
967 4231 1055 4294 Juntt
1080 4238 1170 4296 183⁷.
1201 4237 1243 4299 ad

113 4349 254 4420 eundem
285 4344 424 4422 dimisit,
454 4337 552 4402 semel
581 4334 685 4451 adhuc
717 4333 896 4421 apostolica
928 4356 998 4399 oum
1028 4335 1178 4402 libertate
1207 4359 1245 4404 ca

689 4462 691 4467 '
960 4445 998 4503 18
1020 4443 1039 4482 *
1202 4450 1205 4460 '
