2798 4838
586 255 816 329 -561-

131 421 203 464 curn
242 402 275 462 iu
322 419 437 481 genere
483 409 641 465 momenta
683 403 841 465 rationum
888 407 997 463 contra
1026 407 1118 464 matr.
1148 403 1263 483 mixta,

131 515 200 570 tum
223 509 257 567 ln
279 509 386 586 specie
410 507 515 587 quoad
548 508 744 587 [lungariam
767 527 805 570 ex
826 507 908 588 ipris
939 506 1191 571 Protestantlum
1215 509 1263 571 ef·

132 613 211 675 fatis
234 618 267 674 et
288 615 416 675 statutis
440 612 647 694 synodalibus
680 613 841 694 proponit.
870 613 1066 695 Praecipuus
1098 621 1204 677 antem
1225 613 1266 677 li·

133 719 187 781 bri
217 737 348 801 scopus¹
367 725 433 781 est:
467 717 617 782 refellere
663 737 737 799 eos,
768 721 823 799 qui
859 719 1113 782 benedictionem
1145 721 1265 800 nuptiis

134 826 244 892 mixtis
280 824 561 892 indiscriminatim
600 824 845 907 impertiendam
875 845 946 891 esse
973 832 1194 906 propugnant,
1222 824 1270 886 le·

135 949 275 1012 gumque
302 931 476 1012 patriarum
505 929 701 1012 praesidium
732 926 916 1011 implorant.

198 1096 201 1105 ,
240 1040 313 1098 113.
336 1037 642 1114 bescelinus,
663 1032 779 1099 azo'zou
798 1038 828 1097 α’
838 1032 973 1099 meacm
993 1033 1171 1100 bordeiboz.
1195 1040 1266 1099 Bu-

93 1199 98 1209 ,
136 1139 212 1202 adu.
230 1146 333 1203 1841.
365 1138 467 1203 relate
497 1139 538 1205 ad
571 1142 768 1204 coactionem
798 1162 855 1223 per
885 1140 1056 1203 nonnullos
1089 1144 1267 1205 Comitatus

113 1239 170 1308 ¹ln
203 1246 317 1307 merito
347 1245 578 1326 impertiendae
610 1268 626 1309 a
659 1249 809 1328 parochia
852 1247 1086 1310 benedictionis
1114 1247 1267 1330 nuptialia

136 1353 346 1434 projectatam
375 1352 565 1416 accomodas
597 1354 739 1416 continet
779 1354 988 1432 reflexiones,
1015 1357 1197 1436 praecipue
1237 1355 1271 1416 id

137 1457 331 1536 ostendens,
356 1465 553 1540 quantopere
576 1459 698 1521 coactio
724 1458 798 1522 talis
822 1465 855 1521 et
874 1458 1058 1522 tendentiae
1080 1460 1175 1521 lulius
1199 1461 1268 1523 aevi

137 1565 381 1648 progressivae,
405 1571 437 1626 et
454 1562 597 1628 libertati
620 1567 889 1628 conscientiarum
911 1584 1104 1649 repugnans,
1127 1575 1160 1627 et
1177 1586 1271 1645 pror·

138 1690 195 1733 aus
218 1667 360 1749 illegalis
382 1670 435 1731 sit.

243 1779 315 1838 414.
342 1771 466 1838 -Vciiosz
495 1777 526 1838 α’
553 1780 707 1838 korezertt
745 1773 901 1839 tardiora
942 1773 1148 1840 saumatam.
1171 1782 1274 1839 1841.
1311 1838 1313 1842 ,

137 1885 277 1945 Nro.12
298 1876 387 1954 ¹⁰''¹>.
409 1883 469 1944 Est
498 1900 688 1960 responsum
704 1880 745 1943 ad
766 1882 986 1965 ¹quaestionem
1007 1884 1039 1944 ln
1057 1881 1196 1962 pagellis
1214 1884 1275 1946 Pe-

139 1987 337 2052 atlensibus:
370 1976 573 2050 Turaoltodo'.
585 1991 690 2049 1841.
713 1993 789 2048 Neo.
802 1993 835 2048 8.
859 1989 1017 2067 positam:
1047 1987 1273 2072 ‚,quandonam‘

140 2091 268 2158 sublata
290 2093 333 2154 sit
354 2093 528 2154 auctoritas
551 2094 643 2155 Decr.
662 2090 849 2155 colomanni
887 2093 926 2155 li.
946 2093 1018 2156 Lib.
1035 2099 1066 2155 2.
1090 2101 1221 2173 capii.
1236 2096 1275 2158 de

141 2198 393 2278 desponsatione
416 2195 577 2280 coniugali
592 2199 625 2260 in
642 2198 725 2262 facie
747 2196 916 2260 Ecclesiae
937 2199 1133 2262 instituenda
1143 2201 1180 2262 ‘i'’
1196 2197 1272 2276 ¹⁰⁷²)

141 2304 373 2384 Respondetur
393 2305 502 2383 itaque
530 2305 563 2366 in
586 2312 758 2369 memorata
781 2303 1082 2384 disquisitiuucular
1106 2308 1274 2370 Decretum

144 2409 267 2493 Synodi
289 2411 348 2472 sub
372 2408 569 2472 colomanno
592 2411 721 2473 habitae
753 2407 1015 2491 ad'praeseutem
1045 2412 1086 2473 de
1108 2416 1276 2478 connubiis

141 2519 253 2581 mixtis
276 2515 493 2596 quaestionem
516 2515 672 2597 applicari
693 2536 756 2579 non
780 2534 895 2597 posset
926 2538 998 2579 cum
1021 2520 1136 2580 verba:
1165 2527 1198 2582 tu
1218 2522 1275 2595 fa·

140 2629 191 2687 cie
214 2606 419 2701 (conspectu)
443 2625 602 2682 Ecclesiae
622 2641 685 2682 non
708 2622 742 2680 in
765 2640 861 2685 sensu
887 2619 1006 2683 literali
1026 2623 1178 2688 sternenda
1196 2627 1273 2707 sint,

141 2709 190 2794 ne
207 2734 377 2809 aequatur,
402 2727 507 2789 omnia
527 2724 587 2789 illa
608 2727 787 2803 connubia,
809 2745 888 2806 qrrae
910 2728 943 2791 iu
967 2726 1116 2792 domibus
1137 2727 1273 2812 privatis

140 2835 393 2913 contrahuntur,
416 2851 520 2894 meras
550 2851 619 2894 esse
642 2831 889 2906 fornicationem
923 2833 983 2895 sed·
1011 2835 1182 2899 Decretum
1214 2838 1273 2919 Sy·

140 2941 229 3008 nodi
245 2941 285 3002 de
309 2939 523 3001 matrimoniis
545 2957 623 3019 pure
646 2934 814 3000 catholicis
837 2944 940 3000 sonet.

248 3049 321 3108 415.
343 3049 412 3123 Eyy
433 3040 485 3106 iee't
496 3045 627 3124 jeqyzet
651 3047 713 3104 Vae
736 3038 904 3122 meqyeneie
926 3046 956 3106 α’
972 3049 1134 3115 butboltbe
1152 3051 1197 3109 'reri
1218 3069 1274 3113 re·

139 3150 278 3218 verrem
286 3148 405 3213 recitati
417 3168 531 3228 ceqyes
546 3144 791 3226 bizoaodpeinoir
801 3145 1088 3226 meynemdidotdaa
1100 3154 1274 3227 ferientia-

138 3255 268 3340 9ysile'ai
291 3251 568 3318 tanmocozdsdra.
594 3249 797 3317 Tdreeibodo'.
822 3259 925 3317 1841.
955 3261 1100 3320 Nro.18.
1122 3248 1274 3336 19.‘1⁰⁷³)

142 3365 294 3446 egregias
317 3362 409 3442 ponit
431 3360 721 3425 animadversiones
744 3358 785 3423 ad
809 3361 1020 3443 objectionem
1042 3370 1106 3426 tam
1132 3382 1190 3445 per
1213 3368 1279 3428 Go-

144 3472 295 3534 mitatum
317 3466 545 3544 Castriierrei',
568 3485 662 3546 quam
686 3464 767 3527 alias
791 3486 918 3546 quoque
935 3466 1186 3532 iurisdictiones
1208 3471 1275 3534 for-

144 3582 286 3658 matam,
309 3573 401 3654 quasi
421 3572 577 3652 denegata
598 3569 820 3633 benedictione
842 3574 949 3658 reippa
979 3573 1176 3654 impediatur
1196 3578 1277 3639 mix·
1353 3557 1358 3577 Χ

221 3847 305 3914 1071)
325 3853 421 3920 Exstat
440 3848 521 3900 etiam
539 3833 665 3897 recusum
682 3849 728 3896 in:
748 3843 869 3907 Euclides·
888 3842 1061 3898 indicite-sole
1079 3847 1164 3901 1841.
1179 3855 1231 3902 No.
1247 3856 1276 3904 8.

177 3924 182 3955 ‘
222 3937 307 4006 1002)
325 3943 384 3991 Hoc
408 3938 683 4002 qnoque'Decretunr
702 3939 730 3987 in
757 3939 935 4000 patrocinium
964 3942 1214 3994 determinationum
1234 3959 1281 3994 su-

187 4051 264 4088 arum
282 4039 430 4087 evocarunt
449 4031 617 4091 Comitatus,
636 4031 776 4095 signanter
798 4030 995 4094 Grimrirteucia,
1022 4038 1051 4083 ut
1079 4039 1279 4096 peraradeautr

188 4135 264 4181 matr.
283 4127 361 4177 mixta
379 4127 407 4175 in
432 4121 558 4174 Ecclesia
585 4129 612 4174 et
630 4136 714 4185 penes
744 4130 901 4173 consuetum
925 4124 1122 4178 benedictionis
1141 4127 1218 4180 ritum
1238 4130 1278 4178 in-

189 4221 277 4271 cunda
294 4233 402 4281 semper
420 4231 492 4268 ease.

123 4301 127 4306 ’
225 4304 309 4371 1073)
328 4311 407 4361 Extat
425 4310 506 4360 ctiam
523 4307 569 4356 ina
588 4301 708 4366 Eretriae·
729 4300 901 4357 Toddmteiaoir
919 4304 1004 4359 1841.
1024 4310 1075 4359 No.
1095 4307 1139 4361 12.

192 4407 493 4474 Roaiourinmelliotr.
504 4410 606 4463 Mietio.
617 4411 641 4460 1.
744 4404 748 4411 “
1035 4402 1074 4459 36
1176 4448 1178 4451 .
