2798 4838
583 232 813 312 ...506-

623 445 658 539 p.
688 445 773 516 250.

34 545 63 671 Ι,
135 593 188 650 ln
220 548 460 656 bonnm
493 584 798 658 Episcopus-orm
830 584 1031 668 lta-ignati
1067 600 1108 644 ι.
1145 589 1253 644 me.

17 742 20 748 ,
136 681 349 741 soleba-oto
373 676 570 755 quaestio
596 679 648 735 «ie
679 677 825 734 mixtis
858 677 1177 749 matrimoniis,
1203 679 1254 735 'ri-

127 774 323 853 'grrsrater
342 773 394 827 de
414 769 733 842 dispens-aione
750 769 798 824 ιιι
816 770 1021 838 gradibus
1041 768 1187 828 vetitis
1204 772 1254 827 aii·

168 864 170 869 '
430 860 645 921 seussioni
664 862 858 932 subjecta
876 861 971 918 ruit.

238 971 431 1102 Priusgnan
461 1022 627 1102 Epocbam
658 1023 697 1085 ii.
728 1021 929 1100 claudamus,
958 1022 1179 1084 intermittere
1205 1041 1256 1082 non

8 1167 12 1174 ·
136 1147 330 1211 possumus,
352 1129 429 1206 qriin
451 1127 587 1190 celebris
610 1131 806 1206 Conpressas
826 1131 865 1190 ab
895 1127 1070 1208 lilpisoopis
1106 1125 1255 1190 nonnullis

17 1238 20 1246 '
136 1239 291 1312 strigonii
311 1252 341 1295 a.
365 1237 456 1295 1786.
488 1231 643 1295 celebrati
673 1236 863 1295 mentionem
891 1234 1060 1297 faciamus.
1096 1235 1254 1297 occassio-

71 1343 73 1347 ’
137 1359 208 1403 nem
225 1333 262 1401 ¹ei
284 1339 458 1432 praebuere
481 1345 548 1401 turn
570 1337 634 1400 alia
655 1338 789 1419 Joreplri
821 1338 948 1400 decreta
978 1339 1210 1403 reformatoria
1228 1340 1253 1401 in

134 1447 234 1511 rebus
255 1443 486 1507 aadestaatiei·
500 1450 541 1506 et
561 1443 848 1545 matrimonialibus
871 1444 1006 1506 decursu
1040 1447 1184 1526 quinque
1210 1465 1254 1507 an·

135 1570 251 1614 norum
272 1548 419 1631 perlata,
440 1556 507 1612 tum
529 1556 562 1611 et
582 1545 754 1632 praecipue
775 1549 957 1643 Patentales
985 1551 1120 1612 Lites-ae
1151 1552 1252 1613 Caesa

18 1677 20 1682 ·
137 1675 211 1719 rene
234 1653 291 1719 dd.
311 1660 343 1718 6.
365 1657 462 1719 Mart.
487 1659 578 1718 1786.
600 1658 633 1718 in
656 1656 763 1718 nausis
792 1653 1081 1718 matrimonialibus
1117 1656 1253 1737 deinceps

64 1789 67 1796 ·
136 1762 172 1826 ln
194 1760 276 1824 loris
298 1758 446 1824 civilibus
469 1760 702 1840 pertractandis
725 1760 840 1823 editae.
864 1763 1003 1822 Auctore
1037 1763 1152 1842 itaque
1183 1767 1254 1824 Cor·

137 1871 253 1930 dim
271 1870 413 1929 Primae
440 1886 464 1928 a
494 1864 658 1946 Battbga'o
686 1865 867 1946 complures
897 1869 1067 1945 Episcopi,
1104 1869 1254 1948 signanter

70 1963 73 1967 ’
129 1960 449 2054 Πεπράηιὼηὲίε,
462 1973 714 2051 Aiborepalensis
736 1977 979 2051 Romaoieosis,
1002 1980 1035 2033 et
1049 1977 1253 2050 Salariensis,

137 2077 214 2140 item
240 2080 360 2139 l'a'eorit
382 2056 581 2156 capitulares
605 2080 768 2141 vosiensis
790 2084 822 2139 et
850 2081 1020 2140 Natrieosis
1055 2098 1169 2141 mense
1206 2079 1252 2141 Se-

137 2183 278 2265 ptembri
293 2184 375 2245 ,anni
391 2187 493 2263 1786.
515 2183 675 2265 Strigonii
696 2180 917 2247 couvenientes
946 2203 1044 2264 super
1067 2203 1108 2245 eo
1131 2183 1253 2247 consilia

128 2288 317 2367 ¹faciebant,
341 2308 403 2369 quo
425 2295 518 2370 panto
540 2291 635 2352 rebus
659 2289 906 2365 ecelesiasticis,
928 2309 966 2351 ae
988 2292 1181 2369 praesertim
1197 2311 1251 2353 rna-

136 2393 393 2471 trimonialibus,
417 2395 581 2474 queis'per
594 2404 782 2457 memoratas
801 2392 981 2456 Pateutales
998 2415 1150 2475 magnum
1173 2417 1252 2477 prae·

137 2498 291 2562 iudicium
313 2489 440 2562 illatum
462 2499 633 2579 dolebant,
656 2501 782 2564 consuli
803 2495 936 2581 posset?
957 2502 990 2563 lo
1014 2501 1078 2561 hoc
1106 2503 1252 2582 Congres-

139 2626 178 2669 su
201 2605 241 2668 de
263 2607 404 2687 disparis
427 2625 553 2686 quoque
583 2604 750 2686 religionis
782 2607 948 2669 connubiis
981 2609 1131 2685 quaestio
1163 2610 1250 2688 agita-

136 2719 188 2789 ta,
210 2714 399 2776 nominatim
419 2730 493 2773 sero
517 2710 556 2774 de
578 2702 648 2774 iuro
671 2711 877 2794 dispensandi
906 2713 940 2773 in
966 2711 1126 2792 gradibus
1157 2714 1250 2775 vetitis

137 2818 221 2880 inter
241 2838 381 2897 sponsos
403 2817 547 2880 divorsae
564 2815 736 2898 religionis
767 2818 863 2898 longa
884 2836 942 2897 pro
984 2827 1015 2878 et
1054 2825 1169 2881 contra
1203 2837 1251 2898 pn·

88 3004 90 3010 y
137 2925 300 3005 guantium
322 2931 578 3003 argumentorum
590 2923 749 2987 discussio
767 2925 912 2985 instituta
934 2923 1006 2983 fuit.
1023 2922 1179 2986 Pluribus
1199 2926 1252 2986 An·

138 3031 268 3092 tistibus
296 3029 481 3106 videbatur,
512 3031 545 3090 in
576 3031 838 3091 subversantibus
859 3027 1029 3090 admodum
1062 3030 1175 3091 arduis
1203 3046 1250 3104 pre

137 3133 284 3208 lleolesia
308 3135 575 3213 aircsmstantiis,
598 3137 626 3196 s‘i
651 3156 762 3214 graves
776 3134 892 3197 ‘adsint
923 3134 1136 3213 dispensandi
1165 3136 1252 3197 ratio·

31 3233 33 3237 ’
136 3259 215 3318 nea,
235 3248 294 3303 ne'o
315 3239 405 3303 aliud
425 3239 588 3320 quidpiam
612 3243 739 3318 obstet,
762 3241 938 3319 praemissa
960 3239 1001 3302 ad
1023 3241 1251 3320 persuasionem

136 3345 306 3426 coniugum
330 3344 370 3409 de
393 3346 556 3426 agnitione
577 3353 611 3407 et
632 3346 832 3426 professione
865 3348 958 3407 tinius
989 3345 1157 3410 salvificae
1189 3344 1252 3408 iidei

136 3453 224 3515 omni
251 3449 431 3533 industria,
468 3451 738 3532 dispensationem
773 3453 806 3513 in
837 3472 912 3514 casu
952 3449 1136 3529 praeallato
1167 3450 1252 3515 tribui

135 3577 250 3638 possea
273 3562 767 3638 asemptaropoaieosoaoaemn
788 3559 827 3619 ab
859 3558 918 3618 hae
949 3558 1109 3638 opinione
1142 3559 1251 3621 dissen-

137 3664 199 3741 sit,
222 3684 318 3746 seque
341 3666 474 3746 propria
495 3667 684 3725 anctoritate
715 3682 881 3742 numquam
913 3663 1178 3743 dispensaturum
1208 3661 1250 3724 de·

137 3765 277 3831 claravit.
301 3766 365 3842 ⁹⁷⁹)

139 3918 387 3936 m

205 4010 272 4077 979)
291 4018 477 4067 Desnmsimus
496 4019 563 4068 baec
582 4031 614 4067 ex
633 4016 774 4065 rabulatio
793 4015 928 4076 aretensi,
949 4017 977 4067 in
997 4031 1051 4078 qno
1072 4020 1252 4082 praesternat

86 4171 89 4176 ⁴
171 4107 318 4174 originales
346 4108 609 4172 Correspondontiae
629 4102 799 4159 cardinalem
826 4107 972 4158 Frimrtem
1001 4111 1074 4162 inter
1106 4118 1136 4163 et
1153 4111 1250 4173 lipisce

571 4363 815 4379 m
