2798 4838
131 411 266 469 Briareo
288 411 321 467 et
342 408 505 468 disiactare
524 407 711 487 praecipuas
733 413 840 488 partes
864 403 1035 488 ludebant,
1059 414 1258 491 expugnatus

131 513 192 574 fuit
221 512 350 576 tandem
389 512 544 594 Episcopi
573 512 775 575 'l'revireusis
806 515 950 581 animus:
981 534 1018 576 ac
1048 523 1260 597 posteaquam

130 623 474 684 Articuiiacooticiooia
494 638 513 680 a
533 619 695 681 Bunsenio
715 625 746 681 et
756 619 951 684 Mdncbenio
974 621 1069 683 initio
1086 623 1261 683 concinna-

130 729 193 810 tis,
215 724 306 788 velut
327 726 422 786 nimis
446 723 646 787 seandalosis
670 722 897 806 Ecclesiaeque
921 725 1189 808 praeiudiciosis,
1207 746 1260 790 re-

131 821 247 912 iectis,
271 822 348 910 alii,
369 829 437 892 illis
461 831 689 892 Conventionis
718 829 937 895 Berolinensis
966 852 1101 916 prorsus
1132 831 1260 894 confor-

132 959 199 1002 mes
223 938 310 999 circa
332 938 550 1000 assistentiam
572 939 731 1018 passivam
762 938 804 1000 ad
826 939 952 1001 unicum
983 958 1113 1018 casum,
1145 936 1261 1002 videli-

133 1052 184 1108 cet
205 1043 354 1106 formalis
377 1050 555 1106 contemtus
579 1044 674 1106 Fidei
697 1042 884 1106 Catholicae
906 1062 965 1126 per
993 1052 1116 1126 partem
1148 1044 1262 1107 catbo·

132 1150 228 1214 licam
258 1149 474 1239 manifestati,
510 1149 783 1233 restringendam,
814 1151 892 1212 item
921 1152 1008 1213 circa
1040 1152 1262 1232 quaestionem

134 1256 173 1319 de
196 1257 386 1319 educatione
408 1253 617 1336 religionaria
639 1254 779 1339 prolium
802 1257 970 1318 occasione
994 1258 1148 1320 examinis
1166 1276 1264 1339 spon·

135 1364 244 1425 s‘orum
268 1339 502 1445 omittendam:
518 1368 614 1444 prout
637 1363 731 1424 etiam
754 1361 989 1425 absolutionem
1017 1363 1050 1423 in
1075 1362 1109 1424 S.
1144 1362 1263 1425 Tribu-

134 1469 199 1532 nali
221 1468 310 1531 baud
331 1467 570 1548 denegandam,
594 1467 719 1530 demum
741 1467 995 1531 benedictionem
1017 1466 1162 1531 mulieris
1189 1476 1266 1550 post

136 1581 261 1655 partum
283 1594 454 1654 numquam
476 1573 769 1653 intermittendam,
792 1577 877 1637 inter
892 1556 1181 1655 Archieplscopum
1200 1575 1265 1638 (lo-

137 1679 313 1743 luniensem
336 1687 369 1742 et
391 1681 587 1761 Episcopum
609 1680 831 1742 Trevirensem
853 1681 886 1742 in
906 1679 1124 1759 Conferentiis
1142 1698 1262 1742 memo·

138 1789 212 1849 ratis
236 1785 383 1849 conclusi
402 1787 543 1862 fuissent
560 1780 701 1859 *⁸⁵>shic
724 1806 849 1868 quoque
872 1786 913 1849 ad
936 1787 1187 1851 couventionem
1200 1786 1263 1848 Be-

139 1891 329 1955 rolinensem
366 1893 593 1972 acceptandam
633 1912 767 1973 pronum
798 1914 832 1955 se
862 1891 1047 1955 declaravit.
1084 1893 1132 1955 lta
1163 1890 1263 1972 igitur

140 2020 247 2063 omnes
276 2007 342 2061 tres
372 1998 592 2079 suffraganei,
625 2000 744 2080 quippe
775 1999 1068 2079 paderbornensis,
1097 1997 1264 2060 Monaste·

139 2107 274 2189 niensis,
298 2111 330 2167 et
351 2106 574 2184 Trevirensis,
599 2105 682 2168 datis
705 2104 921 2187 peculiaribus
946 2104 1078 2183 literis,
1102 2108 1132 2166 5.
1158 2108 1209 2165 10.
1232 2108 1266 2167 et

141 2217 185 2276 29.
207 2209 289 2273 iulii
321 2215 413 2274 1834.
444 2213 599 2291 signatis,
631 2231 723 2274 suum
752 2212 792 2275 ad
822 2213 1072 2274 conventionem
1100 2229 1265 2274 accessum

89 2402 92 2407 ι
142 2317 315 2380 solenniter
337 2315 540 2379 declararunt
562 2311 640 2399 ⁴⁸⁶),
663 2326 870 2400 eventumque
885 2320 969 2381 hunc
991 2338 1008 2380 e
1030 2322 1105 2380 voto
1126 2317 1264 2380 cessisse

142 2424 408 2505 brobiepiscopur
432 2414 707 2505 mense'Augosto
731 2425 874 2486 eiusdem
896 2426 970 2487 anni
999 2422 1191 2499 Berolinum2
1205 2442 1265 2505 pro
1300 2409 1325 2472 's

141 2528 256 2593 solatio
278 2528 401 2592 retulit.
783 2583 784 2588 ,
1074 2528 1086 2566 ⁴

625 2699 662 2792 g.
692 2701 777 2772 aar.

142 2882 450 2952 Argumentum
486 2884 674 2941 secretae
714 2869 1039 2949 rnatu-neumis,
1073 2896 1183 2952 quse
1220 2879 1269 2940 im
1331 2953 1340 2975 X

142 2990 254 3035 nexu
270 2975 570 3034 conventionis
587 2975 877 3034 Berolinensis
895 2990 974 3046 pro
987 2980 1111 3047 parte
1126 2979 1170 3032 ot
1182 2986 1268 3031 ιιιιι
1337 3016 1340 3023 .

371 3068 663 3126 vicar-tarnum
680 3067 932 3127 concinnata
948 3065 1046 3125 t'uit.

243 3231 313 3292 Jam
336 3229 483 3309 superius
507 3229 646 3292 diximus
669 3224 751 3316 4⁸⁷),
773 3231 806 3291 in
829 3229 1046 3292 Conventione
1078 3224 1268 3291 Berolinen-

143 3338 169 3398 si
190 3337 354 3419 principia
376 3336 543 3417 proposita
565 3337 667 3398 fuisse
690 3358 749 3419 pro
783 3335 975 3398 elaboranda
1005 3335 1269 3398 instructio·

142 3462 188 3505 ne
211 3448 399 3520 secreta,
422 3444 497 3504 usui
518 3442 739 3506 Vicariatuum
761 3444 794 3503 in
827 3441 1019 3504 dirimendis
1050 3439 1267 3501 controversis

143 3556 196 3612 aut
216 3548 374 3628 ambiguis
398 3544 636 3629 paraestionibus
660 3550 865 3611 deservitura.
897 3545 1077 3609 Secundum
1108 3543 1267 3625 principia

144 3655 370 3718 conventionis
393 3656 489 3717 istius
511 3657 619 3736 reipsa
641 3655 831 3718 concinnata
852 3652 916 3714 fuit
946 3651 1139 3729 instructio,
1172 3668 1267 3728 quam
1365 3662 1368 3666 ’

143 3761 299 3843 Episcopi
321 3759 521 3842 Suffraganei
543 3782 605 3824 una
629 3780 705 3834 ¹cum
736 3760 952 3823 conventione
983 3762 1198 3840 acceptarunt.
1232 3754 1267 3818 ln

143 3866 279 3948 prologo
304 3866 449 3956 eiusdem
470 3869 632 3931 innuitur:
662 3868 827 3952 negotium
856 3864 1132 3929 matrimoniorum
1153 3863 1269 3929 mixto·
1361 3858 1364 3863 ’

146 4008 394 4032 Q*

210 4077 279 4146 185)
297 4083 352 4133 Mo
363 4098 380 4133 n
399 4080 460 4134 186.
487 4095 550 4148 pag.
569 4082 631 4135 255.
654 4111 685 4123 -
704 4077 1142 4146 Sion.Auprbsra.1838.Beii.
1165 4090 1200 4130 ιιι
1217 4077 1269 4128 No.

176 4177 227 4227 xl.
266 4173 322 4226 .9.
342 4167 367 4226 *.

210 4189 279 4328 aad)
298 4268 328 4318 M
338 4281 389 4318 on.
409 4267 469 4320 187.
487 4273 514 4322 ot
531 4266 592 4322 188.
606 4281 670 4355 pag.
686 4266 748 4322 855.
762 4264 824 4319 256.

147 4379 149 4382 ·
212 4354 281 4424 587)
299 4361 334 4412 ci.
353 4354 375 4425 d.
396 4359 457 4414 ibi.
