2782 4830
560 233 788 306 -649-

133 381 213 438 autem
233 377 276 440 ob
298 373 442 441 libellum
466 375 616 441 adversus
637 376 889 441 benedictlonem
904 375 1084 442 ¹mlntornm
1116 381 1225 461 mairi-

132 484 286 544 uoniorum
310 481 429 545 editum
453 480 516 557 ⁶⁶³)
539 502 598 564 per
628 484 782 564 Regimen
814 481 940 565 quidem
970 481 1027 546 sed
1055 485 1233 566 induente,

130 594 166 665 et,
189 593 224 650 ut
252 583 398 651 nonnulli
429 585 562 666 volunt,
593 595 706 669 agente
732 589 807 668 ipso
839 587 1065 670 0rdinariatu,
1095 610 1232 656 munere·

129 690 243 755 docendi
264 693 420 775 privatum
443 693 565 773 inisse,
590 699 726 758 constat.
748 688 809 765 664ἰ
884 774 887 781 ,
1079 674 1081 682 ¹

121 1149 174 1230 ιιι.
199 1152 473 1232 restituero
506 1152 893 1257 archicpiscopi
928 1101 1223 1234 posnanien-

110 1274 181 1352 sis
205 1276 254 1354 in
281 1275 633 1376 Sedemsuam,
660 1284 710 1356 ct
734 1277 896 1353 finalis
924 1262 1121 1357 decisio
1152 1302 1224 1379 rre-

206 1401 333 1500 gotii
359 1399 751 1504 Arcbicpiscopi
779 1399 1119 1480 coloniensis.

586 1590 622 1684 g,
650 1591 738 1668 eoo.

116 1728 456 1805 mnroprsupus
473 1728 779 1790 Poonamounis
797 1729 892 1788 Sodi
909 1744 1013 1790 ιιιιιε
1031 1730 1221 1791 restitui·

116 1822 196 1890 tur,
217 1827 259 1880 ct
276 1837 356 1894 ope
374 1821 655 1882 omniscium
672 1821 894 1880 ntor-nrum
922 1822 1044 1881 clero
1061 1822 1223 1896 armn-

118 1917 192 1970 ests
209 1918 333 1973 matr.
355 1916 500 1974 mixtis
526 1928 694 1973 omnnem
711 1913 840 1972 otim
867 1901 1069 1985 nonensi
1094 1928 1222 1989 posse

118 1998 414 2076 miscentis-s,
433 2007 473 2066 ui
489 2005 753 2065 conditiones
774 2005 982 2065 Ecclesiae
1004 2009 1120 2067 ΙιιιιιιΙ
1141 2007 1218 2066 tm·

548 2101 763 2172 plentur.

203 2257 377 2340 Postquam
414 2264 478 2328 tam
515 2257 701 2321 Ministrum
737 2257 852 2322 (lulius
890 2259 1090 2337 Alcmaeon„
1125 2277 1219 2340 quam

118 2356 208 2440 iprum
237 2363 357 2444 Regem
385 2366 587 2426 Fridericum
612 2366 802 2426 omninum
835 2366 899 2427 m.
921 2381 1008 2426 mors
1038 2362 1220 2447 rapuisset,

116 2467 164 2528 nb
183 2488 265 2532 novo
287 2469 374 2551 Rege
396 2471 561 2531 unumve
577 2472 731 2532 Guilelmo
749 2472 805 2533 IV.
827 2473 946 2532 mutata
968 2472 1018 2533 est
1037 2488 1144 2533 rerum
1169 2468 1220 2534 fn·

118 2571 189 2636 elect
210 2574 264 2636 bic
287 2576 370 2637 enim
390 2592 501 2655 pacem
522 2573 556 2635 in
586 2571 732 2636 Ecclesia
762 2571 931 2637 catholica
960 2593 1019 2654 per
1048 2572 1225 2637 violentam·
1244 2608 1246 2612 ·

117 2671 237 2742 ‹luorunr
269 2680 378 2762 Regni¹
401 2678 761 2759 Arcbiepiscoporume
792 2676 930 2741 Sedibus
960 2678 1029 2741 ruis
1059 2675 1219 2758 expulsio·

116 2798 174 2846 nem
195 2791 227 2848 et
247 2783 359 2867 procul
381 2807 399 2847 a
421 2786 538 2846 finibus
561 2802 668 2845 eorum
690 2781 912 2844 abductionem
923 2828 936 2866 ,
965 2781 1122 2843 turbatam
1155 2801 1218 2863 quo

115 2890 191 2967 prins
211 2883 366 2954 revehere
388 2891 540 2972 cupiens,
561 2885 608 2950 nil
629 2908 692 2950 non
715 2887 801 2968 egit,
823 2906 886 2966 quo
908 2885 943 2950 id
964 2886 1070 2968 reipsa
1086 2886 1119 2948 in
1142 2885 1220 2949 eile-

115 2999 185 3058 ttum
209 2996 391 3060 deducatur.
414 2998 549 3081 Deercto
570 2995 678 3077 itaque
701 2991 767 3056 diei
797 2997 849 3055 29.
871 2989 950 3055 Julii
986 2995 1076 3071 ledo.
1097 2993 1218 3056 neue-

114 3105 244 3181 tpieeopo
260 3105 470 3165 Posncnionsi
490 3102 523 3163 in
545 3105 650 3163 castro
683 3096 824 3179 colberg
854 3096 983 3161 detento
1011 3094 1149 3162 reditum
1176 3096 1217 3161 ad

114 3221 190 3269 snam
212 3206 321 3270 sedem
342 3205 486 3303 ipdulsit.
510 3205 594 3288 Quid
615 3204 745 3267 decreto
767 3204 841 3267 buic
862 3204 993 3285 proprie
1016 3202 1215 3266 occasionem

114 3305 247 3393 dederit,
270 3333 307 3376 ex
328 3319 438 3375 tenore
460 3311 602 3374 eiusdem
624 3310 775 3373 duntaxat
807 3310 1002 3373 subobscure
1033 3288 1217 3392 colligitur.

114 3431 172 3480 uam
193 3420 226 3482 ln
250 3437 288 3480 eo
311 3414 416 3481 solum
446 3424 600 3479 memorat
628 3418 717 3495 Rex,
749 3412 981 3478 declarationes
1013 3433 1050 3474 ac
1078 3414 1218 3494 promis·

114 3518 207 3591 nones
229 3522 473 3606 Archiepiscopi
494 3520 536 3584 ad
558 3522 722 3584 'lirronum
752 3520 888 3601 Regium
916 3516 1056 3598 perlator
1085 3536 1123 3579 eo
1152 3519 1216 3581 lle-

113 3639 171 3702 icm
192 3618 441 3708 determinasse,
464 3635 500 3690 ut
518 3622 798 3707 Archipraesulem
822 3645 839 3686 e
870 3623 1051 3705 captivitate
1081 3619 1217 3684 liberum

112 3723 295 3813 dimitteret,
318 3739 350 3795 et
378 3732 420 3796 ad
450 3731 565 3795 Sedem
596 3751 686 3794 ruam
715 3748 855 3792 remeare
886 3725 1085 3791 concederet.
1103 3710 1216 3808 ⁸Quid-

110 3837 175 3914 ond
203 3839 266 3902 sit:
293 3831 563 3922 Arcbiepiroopus
594 3856 666 3899 cnm
692 3831 928 3918 inexsplicabili
957 3828 1058 3895 iubilo
1089 3851 1127 3895 nc
1158 3834 1216 3916 tri-

109 3953 348 3989 ¹5——

167 4027 236 4095 666)
254 4034 297 4084 Do
314 4032 364 4083 boe
383 4027 475 4081 libello
495 4029 521 4081 in
558 4029 711 4081 Literatcru
728 4033 833 4095 agetur.

166 4119 235 4186 664)
253 4123 356 4175 Seriem
384 4122 466 4173 totins
485 4120 524 4173 rei
544 4135 636 4174 secum
649 4123 881 4188 gestae-enarret
904 4115 982 4168 bincir
1001 4116 1144 4180 in'cpercr
1164 4115 1216 4165 cc-

135 4218 238 4268 ttcb'co.
266 4215 465 4276 Mtcueteaneo
489 4215 601 4266 caeder
621 4213 774 4266 Geccbicbte
792 4212 839 4263 der
856 4211 953 4263 tumel.
972 4208 1071 4262 Kircbe
1088 4207 1117 4259 ιιι
1141 4205 1216 4257 Wsir-

136 4309 254 4372 resecem.
273 4309 297 4362 1.
316 4308 457 4370 amenum.
477 4300 562 4359 1841.
