2798 4838
581 245 808 316 -441-

115 408 220 451 nausa
242 407 302 469 pro
326 407 401 451 casu
423 389 597 469 posteriori
629 386 882 452 benedictionem
912 387 984 452 lore
1014 397 1125 455 contra
1154 393 1250 477 spirl-

118 501 211 569 tum,
236 494 435 570 doctrinam,
458 503 489 556 et
507 489 597 576 leges
616 494 799 573 Ecclesiae,
821 515 858 557 ac
876 497 969 576 proin
992 494 1161 561 illamslnc
1175 518 1250 580 peo-

118 607 193 663 cato
222 620 282 661 nec
303 602 454 681 inoperari
476 621 534 663 nec
556 601 682 663 institui
702 619 809 682 posse.
827 596 888 687 ⁰⁶⁴)
912 634 951 648 -
975 604 1045 682 Quo
1067 605 1168 666 maius
1184 613 1252 668 erat

116 705 242 770 Maelii
252 716 365 767 nomen
376 708 418 768 ob
433 708 577 786 egregrie
593 712 823 788 propugnatum
844 707 1024 769 doctrinam
1045 706 1250 773 catholicam

118 832 158 874 eo
182 810 292 892 plures
315 820 517 874 surrexerant
546 811 742 890 adversarii,
774 812 828 893 qui
855 813 979 892 praxim
1008 814 1166 876 mitiorem
1194 834 1252 898 per

118 917 215 980 illum
237 917 356 979 invicte
380 919 581 998 perstrictam
605 916 834 979 defendendam
858 938 1047 998 suscepere,
1070 920 1251 1001 etquidem

120 1042 161 1087 ex
184 1025 257 1104 ipso
282 1023 393 1102 Regno
417 1023 714 1103 Wdrterubergleoa
746 1025 909 1104 signanter
931 1026 966 1097 a)
990 1025 1174 1106 Anonymus
1195 1046 1251 1089 au·

119 1136 196 1192 ctor
213 1127 469 1191 dissertationis:
491 1135 560 1189 Das
583 1133 790 1206 theotoys'aclse
817 1132 930 1191 Votum
952 1136 1008 1191 dea
1034 1135 1143 1194 Horres
1160 1137 1253 1195 dlaeis

118 1238 202 1296 siber
220 1239 272 1295 aie
288 1237 494 1313 Einsepuunp
509 1240 568 1296 der
584 1238 775 1311 peneteclscen
791 1238 898 1297 Eirene
914 1233 1085 1312 Pflaus‚
1114 1237 1251 1310 fratruo,

117 1344 206 1416 caspe
229 1342 354 1401 Btdtecr
386 1344 464 1401 s'tdcr
490 1343 653 1417 Tocolops'c
680 1346 750 1400 uad
775 1344 1017 1403 Ktrcdcntleuna,
1050 1345 1157 1404 1840.
1190 1347 1251 1407 111.

118 1444 208 1517 Hesi.
232 1465 264 1522 p.
279 1449 467 1507 ato-371.
487 1442 548 1517 ⁸⁶⁵)
578 1450 687 1507 contra
718 1445 880 1506 notionem
908 1447 1093 1528 cumprimis
1121 1448 1252 1510 benedi·

117 1551 239 1611 ctionis
273 1569 290 1610 a
322 1549 448 1611 Maelio
484 1551 685 1630 propositam
724 1570 799 1612 suas
830 1543 973 1631 dirigens
1002 1552 1251 1615 animadversio-

118 1674 199 1717 nes:
223 1663 331 1718 censet
353 1641 501 1716 nimirum
524 1656 758 1717 Protestantem
781 1657 850 1718 eius
873 1657 1076 1739 recipiendae
1104 1678 1167 1719 oon
1192 1659 1253 1720 ml·

118 1779 184 1822 nus
206 1780 352 1840 capacem
376 1744 561 1839 essequam
585 1759 807 1836 CathoHrum,
830 1763 893 1823 imo
917 1783 1010 1843 quam
1032 1763 1253 1826 maximecon·

118 1867 249 1944 venire,
279 1873 314 1928 ut
334 1863 482 1928 Ecclesia
511 1867 606 1928 etiam
637 1887 696 1947 pro
727 1868 984 1930 Protestantlbus
1014 1868 1151 1932 divinam
1180 1889 1254 1950 gra·

122 1971 203 2033 tiam
224 1970 393 2052 imploret,
416 1992 453 2033 ac
475 1973 567 2052 proin
589 1978 683 2034 matr.
711 1973 806 2035 mixta
836 1972 1014 2036 benedicat.
1038 1973 1134 2036 Matr.
1156 1977 1253 2037 mixta

122 2095 166 2139 ue
188 2077 222 2138 in
244 2077 318 2140 foro
344 2077 472 2157 quidem
495 2079 620 2140 interno
644 2079 755 2143 stricte
780 2076 895 2140 illicita
915 2098 985 2142 esse
1000 2080 1151 2159 adstruit,
1174 2080 1254 2142 dua·

121 2162 213 2245 taiat
236 2183 269 2244 in
282 2201 417 2260 eocasu,
440 2184 467 2244 si
483 2185 623 2264 positive
636 2190 777 2262 constet,
800 2204 937 2263 sponsos
951 2205 988 2247 ex
1017 2185 1248 2261 indifferentls·

122 2307 176 2350 mo
200 2286 241 2350 ad
263 2287 434 2350 ineundum
457 2289 586 2351 mistum
609 2291 798 2351 connrrbium
820 2290 939 2353 induci.
972 2290 1092 2354 Maelii
1123 2289 1254 2355 cunclu-

123 2395 232 2457 siones
257 2399 289 2455 et
310 2395 505 2455 assertiones
528 2414 590 2455 non
615 2414 652 2457 ex
673 2397 771 2457 rectis
792 2395 876 2458 ideis
899 2417 936 2458 ac
959 2397 1128 2478 principiis
1152 2397 1257 2459 dedu·

122 2506 193 2562 ctas
217 2505 249 2559 et
270 2499 303 2560 lu
326 2499 434 2577 specie
463 2499 499 2561 id
528 2486 606 2562 vitio
637 2502 667 2562 el
688 2500 873 2563 vertendum
905 2523 977 2563 esse
1005 2504 1069 2581 ait,
1098 2502 1184 2582 quood
1214 2502 1255 2565 de

122 2603 256 2684 silentio
280 2604 378 2665 Cone.
398 2603 581 2667 Tridentini
615 2607 700 2668 circa
726 2608 840 2668 mixtas
867 2609 994 2687 nuptias
1018 2606 1065 2668 nil
1091 2606 1255 2690 proferat,

123 2729 196 2772 cum
220 2715 324 2770 tamen
347 2707 509 2770 silentium
531 2711 631 2772 hocce
654 2713 697 2773 sit
719 2730 815 2771 uorem
838 2729 876 2771 ex
898 2712 1080 2792 praecipuis
1110 2731 1168 2792 pro
1199 2710 1255 2772 de·

123 2815 274 2877 lensloue
295 2815 430 2876 matrim.
455 2816 621 2877 mixtorum
645 2816 822 2878 momentis.
841 2847 879 2859 -
895 2817 931 2888 b)
951 2815 1154 2879 Friuolin
1178 2817 1254 2880 llu-
1368 2800 1371 2804 ¹

122 2923 220 2998 ber,
242 2927 300 2981 dac
314 2919 520 2997 cdeotoptaclse
538 2925 650 2982 Votum
675 2940 738 2982 oon
755 2925 799 2982 Μ.
816 2925 848 2981 J.
866 2925 970 3004 Mace,
992 2927 1255 3000 dieEinacpnunp

121 3033 183 3093 der
202 3028 394 3104 pemiacltlen
418 3030 512 3087 Eleon
537 3026 727 3104 detreffeud,
758 3031 934 3088 deurtdes‘lt.
972 3031 1091 3089 urum.
1119 3010 1253 3090 stetten.

121 3134 214 3195 xix.
233 3135 317 3209 lap.
335 3135 526 3193 zoa-299.
557 3130 698 3194 adhaec
727 3133 789 3194 tria
811 3138 970 3212 tamquam
1000 3135 1173 3216 praecipua
1203 3152 1255 3197 re-

122 3235 245 3300 sultata
266 3234 446 3297 reducendo
469 3257 550 3319 opus
572 3237 714 3301 Maelii:
746 3236 832 3319 quod
854 3240 1003 3301 nimirum
1032 3246 1125 3302 matr.
1156 3241 1255 3302 mixta

113 3343 223 3406 ‚etiam
245 3343 315 3404 siae
337 3342 561 3412 benedictione
584 3345 649 3405 sint
671 3342 797 3420 valida,
829 3344 890 3406 lroc
912 3354 1015 3407 tamen
1038 3366 1103 3408 non
1125 3349 1254 3411 obstan-

122 3455 158 3513 to
180 3449 308 3528 spiritui
331 3453 363 3509 et
383 3446 510 3528 legibus
532 3448 697 3511 Ecclesiae
719 3452 846 3511 minime
869 3470 1029 3529 consona,
1052 3458 1085 3512 et
1105 3450 1181 3513 ideo
1198 3453 1251 3512 lse·

122 3553 268 3618 nedictio
292 3552 503 3619 sacerdotalis
531 3555 572 3616 iis
603 3556 702 3628 tribui
731 3561 885 3634 nequeat:
915 3555 1019 3636 qrroad
1049 3557 1159 3636 priora
1190 3554 1253 3616 duo

123 3659 212 3725 idem
234 3677 305 3721 cum
328 3661 469 3723 ductore
491 3658 700 3721 celeberrimo
723 3661 840 3736 sentit,
870 3658 941 3721 sed·
959 3680 1023 3722 non
1054 3659 1162 3741 quoad
1190 3664 1254 3720 ter·

124 3766 224 3844 dum,
249 3766 314 3826 sire
323 3764 576 3828 benedictionem
585 3767 752 3828 mixtarum
760 3765 963 3846 nuptiarum:
985 3784 1080 3846 quam
1093 3772 1128 3827 ut
1147 3772 1254 3828 osteu-

121 3885 374 3903 μ

151 3908 154 3913 ¹
196 3930 264 3998 864)
282 3937 482 3995 decensionese
501 3938 636 3988 Katiroltlc.
656 3933 706 3987 76.
726 3939 758 3986 Β.
778 3932 868 3987 1840.
887 3950 913 3994 n.
932 3933 981 3988 43.
1000 3963 1035 3974 -
1053 3940 1150 3988 tathei.
1170 3938 1252 3988 Stim-

159 4043 230 4080 snen.
249 4029 428 4090 Repensiur'o.
454 4025 544 4080 1840.
569 4042 595 4087 p.
614 4025 684 4080 106.
701 4056 737 4068 -
763 4029 994 4080 Rheinwoid
1018 4032 1126 4090 itenere
1150 4031 1252 4081 xxix.

165 4121 201 4171 B.
219 4135 245 4178 n.
264 4117 330 4170 225.
350 4117 420 4171 245.

198 4208 264 4273 860)
289 4212 495 4263 Dissertationis
523 4212 602 4261 huius
625 4217 718 4264 auctor
745 4218 788 4264 est
815 4213 874 4275 ipse
901 4214 1036 4265 Bedsctor
1061 4213 1155 4279 scripti
1173 4213 1252 4262 istius

169 4305 301 4367 perindiei
317 4305 489 4356 Josnnes
508 4301 651 4360 Piisnr.
