2798 4838
581 251 809 324 -326--ι

129 566 178 668 β),
202 532 550 666 inllioeoeolibns:
584 563 819 655 Vasmiausi,
857 540 1072 657 Culnreusi,
1107 561 1239 639 Vsaiis-

606 685 775 764 laviensi.

617 921 654 1016 s.
683 920 768 994 rsa.

130 1057 330 1133 npsscnps
346 1059 606 1119 narmiensis
618 1062 667 1140 et
685 1059 927 1119 culmen-ss
944 1063 1039 1118 snus
1065 1061 1250 1130 exempl·

132 1150 509 1216 invictissimorum
530 1138 972 1224 Anchteptscoporssm
984 1157 1076 1208 sssm
1094 1152 1250 1208 nuscu-

132 1242 249 1302 ttossc
266 1243 491 1304 Pontificio
513 1245 740 1312 maranisi,
758 1244 908 1303 ntem
934 1244 1180 1316 pastos-oles
1206 1244 1250 1299 «ic

132 1339 259 1395 ssssstr.
276 1337 419 1419 sssixtts
435 1339 551 1395 lssssd
561 1338 717 1408 canses,
735 1353 865 1408 quens
879 1336 1101 1410 praestitis
1120 1333 1250 1393 coust·

40 1426 45 1442 ¹
133 1427 287 1488 ossibus
314 1431 367 1488 ab
394 1430 581 1509 Ecclesia
610 1429 851 1501 requisitis,
879 1427 1180 1487 benedicendi·
1205 1428 1250 1484 sd

4 1518 7 1522 ’
271 1586 274 1591 ,
381 1521 553 1581 oncrum
571 1523 777 1581 curatum
797 1523 1020 1581 dederunt.
1185 1540 1190 1547 ·

238 1682 566 1779 Archippiscoporum
597 1682 800 1746 Coloniensis
837 1689 870 1747 et
903 1680 1132 1746 Posnaniensis
1164 1678 1250 1742 iiden

6 1866 9 1871 Ι
136 1793 168 1848 et
183 1780 401 1852 'constantiam
431 1776 472 1851 'in
503 1787 620 1873 tuenda
652 1790 803 1852 canonica
831 1789 915 1852 circa
945 1789 1061 1851 mixtae
1093 1783 1250 1868 religionis

136 1894 296 1957 connubia
317 1893 484 1959 Ecclesiae
503 1890 674 1981 discipilum
687 1896 805 1959 imitati
819 1895 972 1978 Episcopi
989 1893 1132 1958 Varmi
1144 1890 1250 1953 ensir

138 2005 169 2058 ot
191 1986 464 2083 calinensis,
486 1986 568 2066 anno
594 1976 685 2065 liis.
707 2001 773 2083 ipsi
794 2019 917 2080 quoque
941 2018 1000 2082 ope
1023 1997 1193 2062 literarum
1208 2015 1250 2078 pa«

137 2099 305 2167 storalium
326 2105 369 2169 ad
391 2107 519 2171 (ilerum
541 2110 694 2171 (iuratum
715 2107 918 2169 dimissarum
942 2124 996 2185 ea,
1021 2124 1103 2185 quae
1132 2105 1169 2165 in
1199 2119 1250 2164 nse·

138 2209 202 2269 sito
232 2198 362 2292 praevio
383 2216 425 2277 'vi
457 2216 657 2278 sanctionum
685 2214 908 2275 canonicarum
940 2218 972 2274 et
1001 2209 1250 2272 constitutionnn

138 2303 375 2391 pontificiarum
396 2318 533 2383 tenenda
558 2325 651 2396 sunt,
673 2338 732 2401 pro
762 2337 917 2400 cynosura
948 2323 981 2379 et
1009 2301 1122 2379 stricta
1154 2314 1250 2377 obses

139 2422 244 2483 vantia
271 2426 557 2507 praescripserunt.
592 2425 775 2506 Episcopus
797 2422 997 2488 Varmiensis
1027 2421 1091 2482 iarn
1123 2417 1181 2481 dd.
1216 2421 1250 2480 ts

139 2524 243 2605 April.
268 2531 361 2592 1888.
384 2550 459 2593 snas
482 2529 586 2594 edidit
605 2530 717 2593 literas
740 2527 937 2614 pastorales:
960 2527 1120 2606 iniitque
1143 2522 1250 2587 doctri

139 2651 213 2695 uam
244 2634 435 2702 catholicam
466 2636 506 2700 de
537 2638 644 2699 mixtis
681 2636 802 2716 nuptiis
839 2630 1003 2714 praeclare
1034 2629 1245 2713 proponendo

140 2737 396 2805 benedictionem
418 2741 652 2805 sacerdotalem
682 2742 830 2822 personis
860 2737 942 2801 tales
974 2738 1104 2818 nuptias
1135 2736 1250 2798 inituri

141 2848 215 2906 tunc
237 2844 344 2910 solum
363 2848 507 2932 impendi
529 2868 624 2931 posse
647 2849 779 2937 statuit,
810 2846 885 2907 dum
917 2844 1044 2925 praevie
1074 2841 1250 2904 conditioni

26 2977 29 2980 ⁴
142 2949 201 3010 bns
222 2950 389 3017 Ecclesiae
413 2975 451 3017 en
472 2964 563 3037 parte
593 2972 783 3036 sponsorum
813 2951 941 3013 satisfit.
966 2951 1001 3012 ln
1033 2950 1143 3029 specie
1168 2953 1250 3010 auter

141 3055 226 3146 circa
248 3058 405 3123 cautelam
428 3059 468 3123 de
491 3059 680 3125 educatione
702 3056 842 3141 prolium
864 3058 1031 3136 uirtusque
1054 3072 1148 3116 sextus
1166 3055 1201 3116 in
1216 3053 1250 3116 ri

142 3156 183 3218 ‹la
206 3161 394 3246 catholica,
416 3166 575 3247 siquidem
607 3171 700 3247 pacta
723 3184 759 3227 ac
788 3162 1014 3225 conventiones
1047 3159 1199 3222 solennes
1221 3176 1250 3220 es

141 3273 234 3327 tenus
256 3268 341 3331 intcr
372 3284 529 3353 sponsos,
560 3271 804 3353 prohibentibus
831 3266 957 3348 legibus
992 3264 1166 3345 civilibus,
1198 3263 1251 3331 inu

109 3403 115 3411 -
144 3369 231 3433 haud
253 3383 407 3456 possent,
432 3376 561 3440 clerum
584 3398 676 3440 suurn
699 3396 736 3438 eo
758 3375 911 3454 inviavit,
934 3379 969 3434 ut
999 3370 1110 3433 saltim
1139 3375 1250 3434 certitu

144 3480 250 3538 diruens
264 3487 415 3545 moralem
431 3488 503 3546 ante
525 3482 760 3547 matrimonium
784 3501 882 3560 super
904 3499 942 3542 eo
963 3478 1118 3558 consequi
1135 3475 1250 3538 studeat

147 3581 233 3660 qnod
254 3583 363 3666 proles
387 3609 496 3651 omnes
519 3587 678 3650 catholice
701 3587 766 3649 sint
797 3584 996 3647 educandae:
1028 3582 1112 3645 hano
1143 3582 1250 3644 certitu

147 3686 253 3749 dinem
274 3710 348 3753 vero
370 3695 414 3755 ita
440 3696 579 3756 obtineri
600 3713 715 3776 posse,
739 3694 767 3756 si
789 3693 941 3771 coniuges
963 3692 1048 3752 inter
1070 3708 1106 3750 se
1128 3689 1194 3769 ipsi
1221 3704 1250 3746 es

147 3796 239 3853 tenus
261 3800 466 3883 conveniant,
487 3819 585 3881 porro
609 3801 639 3862 si
663 3799 829 3861 character
851 3795 985 3859 moralis
1008 3795 1123 3874 sponsi
1145 3791 1250 3855 acatho

149 3889 206 3952 lici
229 3902 394 3981 ceteraque
416 3903 509 3967 illins
531 3903 680 3986 adjuncta
702 3905 750 3967 sio
772 3909 953 3986 comparata
976 3901 1062 3981 sint,
1091 3906 1129 3961 ut
1155 3895 1250 3959 nullon

150 3997 290 4074 prudens
313 4003 443 4070 dublum
465 4008 667 4091 relinquant,
690 4009 823 4071 eundern
846 4009 939 4071 datae
957 4007 1126 4087 sponsioni
1149 4001 1250 4065 conior

150 4101 244 4161 mlier
264 4110 514 4195 permissurum,
536 4122 571 4179 ut
592 4121 661 4179 tota
683 4112 813 4177 soboles
847 4135 903 4176 sua
931 4116 965 4176 in
996 4112 1080 4175 Fide
1111 4105 1250 4173 Catholic

149 4204 352 4294 instituatur,
375 4215 511 4298 denique
536 4223 565 4282 si
589 4227 620 4283 et
643 4241 777 4303 sponsae
800 4221 830 4282 is
852 4220 952 4280 fuerit
974 4219 1143 4289 character
1172 4228 1250 4276 mors

148 4302 212 4386 ¹¹⁸2
236 4317 271 4373 ¹¹i
292 4320 360 4382 tuto
381 4322 543 4388 confidere
575 4325 695 4410 liceat,
728 4326 817 4392 iilam
839 4334 931 4409 parte
960 4345 998 4390 cx
1027 4345 1085 4388 sua
1114 4321 1160 4386 nil
1186 4318 1250 4380 ectu·
