2798 4838
670 264 899 337 -516-

226 416 357 487 Diaetae
388 407 597 476 nullomodo
621 428 810 472 consessum
833 405 921 471 Cleri
935 474 938 479 ,
952 405 993 471 ad
1016 406 1199 474 Articulum
1227 406 1349 490 religio-

154 583 160 593 ,
225 521 348 585 narium
372 515 487 578 inferri
516 533 612 599 posse
631 509 705 589 999).
742 516 834 578 Licet
864 523 971 579 autem
1000 516 1076 577 buie
1098 511 1350 579 Contradietiooi

219 621 365 688 nonnulli
395 621 563 685 seculares
597 641 722 702 quoque
745 618 905 683 Catholici
933 623 1153 702 accesserint,
1181 643 1224 684 ea
1255 629 1349 692 nmen

220 752 283 793 non
315 730 485 806 obstante,
517 723 682 801 Articulus
719 727 753 788 in
782 727 913 806 negotio
951 727 1120 808 religionis
1152 723 1351 790 Resolutloni

219 836 341 917 lieglae
363 834 573 895 conformiter
594 814 814 911 concinnatus,
834 831 870 892 in
890 832 1041 897 comitiis
1063 831 1267 916 publicatos,
1288 852 1352 896 sor·

219 943 389 1023 ctioneque
421 939 523 1019 Regia
560 939 701 1005 monitui
739 938 774 1000 in
802 935 908 1017 legem
937 937 1054 1002 XXVl.
1081 939 1298 1001 Comitiorum
1324 958 1349 1000 a.

188 1035 193 1042 ⁸
221 1039 334 1122 ¹⁷9⁰s1·
358 1044 475 1106 abivit:
497 1045 529 1105 vi
543 1045 634 1107 cuius
656 1043 805 1115 nimirum
826 1048 933 1120 protea
953 1063 971 1105 e
991 1049 1106 1107 osium
1126 1047 1349 1122 matrimonia,

219 1157 307 1214 culto
330 1154 388 1235 sub
409 1157 583 1226 praetecta
603 1153 844 1227 impediendis„
860 1157 893 1211 et
918 1167 1042 1227 semper
1072 1168 1188 1212 corono
1210 1152 1345 1213 Paroeto

221 1258 381 1318 Catholico
403 1250 571 1335 inccndio,
593 1261 622 1316 oi
641 1244 734 1333 poter
753 1255 855 1328 ficet-c
875 1257 1071 1339 catholicus,
1093 1273 1207 1321 ornnes
1229 1261 1265 1318 s'n
1285 1259 1342 1317 itet

220 1364 383 1424 catholieo
405 1365 589 1422 educandae
610 1370 722 1439 erant,
741 1364 773 1437 ai
794 1379 869 1422 coro
890 1369 992 1422 motor
1012 1365 1056 1423 att
1074 1365 1260 1441 catholica,
1280 1379 1343 1422 ooo·

210 1471 324 1549 'rectae
354 1473 480 1527 contum
511 1470 694 1544 rettpionem
722 1469 827 1543 patrio
855 1469 948 1543 aecci
972 1475 1123 1543 poteram
1141 1461 1222 1539 ⁹⁹⁵).
1252 1467 1345 1548 Atque

170 1577 176 1583 ’
212 1573 272 1635 bic
295 1576 345 1634 est
366 1567 531 1632 Articulus
553 1568 629 1651 ille,
652 1572 754 1633 instar
775 1575 911 1648 nioyooc
934 1575 1072 1634 Chartae
1094 1570 1341 1633 Protestantiom

218 1677 381 1769 babitus„
399 1675 454 1756 qui
474 1675 638 1757 ,deinceps
670 1678 703 1738 in
731 1674 965 1757 pertractandis
994 1677 1241 1756 quaestionibus
1262 1682 1344 1740 mou.

218 1784 386 1845 mixtorum
413 1800 554 1846 normam
578 1783 698 1861 posuit.

663 1950 910 1970 Μ

216 2148 250 2216 2.
297 2141 358 2216 De
388 2136 515 2239 praxi,
548 2137 707 2236 quaein
740 2137 998 2230 celebratione
1023 2117 1134 2212 matr(
1154 2136 1341 2215 mixtorum

348 2268 351 2272 ‘
438 2267 524 2361 post
559 2258 684 2358 legero
715 2258 801 2335 anni
834 2258 969 2352 179‘71.
1005 2258 1135 2360 viguit.

709 2476 746 2570 p.
773 2475 859 2550 sss.
950 2438 973 2491 '²'

217 2623 343 2710 spille
373 2615 675 2687 Reuersolibus
702 2622 799 2688 post
829 2621 966 2687 lesem
992 2632 1165 2688 quoquo
1194 2633 1275 2677 suo
1298 2617 1339 2673 in

263 2714 406 2783 ultore
435 2709 619 2779 relletis,
647 2715 691 2766 et
707 2725 787 2782 por·
806 2709 1013 2779 Regimen
1029 2711 1306 2769 namucencis.

289 2872 413 2934 ·'Licet
440 2868 495 2932 lex
525 2868 733 2952 religionaria
762 2865 972 2947 anni-179⁰s1.
1002 2871 1219 2932 matrimoniis
1242 2869 1336 2932 mixtis

217 2977 306 3042 nullo
330 2978 389 3040 sub
412 2983 578 3059 praetextu
598 2975 827 3057 impedimenta
849 2977 946 3058 poni,
975 2975 1033 3037 sed
1053 2973 1114 3039 illa
1143 2997 1273 3059 semper
1293 2995 1338 3037 co·

215 3082 463 3147 unruocho
495 3079 664 3144 catholico
695 3081 773 3142 iniri
805 3083 940 3161 caverit,
980 3101 1017 3143 ac
1048 3100 1109 3143 una
1141 3080 1337 3162 religionem,

217 3208 312 3271 quam
334 3184 443 3268 proles
474 3184 631 3249 etalibus
663 3187 830 3249 connubiis
859 3191 1025 3268 susceptae
1055 3206 1093 3248 ac
1123 3186 1337 3269 suscipiendae

216 3295 309 3375 sequi
335 3291 491 3370 debeant,
520 3290 606 3353 clare
635 3289 911 3355 determinaverit:
942 3312 981 3355 ex
1009 3299 1103 3374 parto
1132 3293 1337 3356 nihilominus

213 3397 382 3464 Ecclesiae
406 3392 592 3459 Catholicae
614 3417 712 3478 porro
736 3419 862 3480 quoque
884 3403 990 3460 certae
1011 3402 1180 3461 cautiones
1206 3403 1240 3461 in
1263 3396 1336 3461 cele·

157 3568 160 3573 .
213 3507 361 3571 bratione
398 3501 566 3564 mixtorum
604 3502 738 3583 idgenus
784 3505 1057 3567 matrimoniorum
1098 3504 1335 3569 adhibebantur.

214 3614 337 3676 liarum
358 3609 550 3690 praecipuae
573 3615 663 3670 erant
694 3608 960 3673 Reversales
990 3609 1030 3673 de
1050 3608 1203 3692 prolibus
1228 3613 1335 3673 utrius·

213 3739 274 3800 que
295 3735 391 3780 serus
404 3716 446 3776 ,in
470 3712 551 3776 Fide
575 3713 742 3776 catholica
766 3713 940 3779 educandis
962 3737 982 3778 a
1003 3717 1133 3796 sponsis
1159 3718 1333 3780 Protestar·

211 3824 293 3884 ticin
308 3821 394 3900 erigi
425 3815 552 3881 solitae.
593 3821 671 3883 (lum
686 3821 849 3884 nimirum
879 3800 1011 3883 laudata*
1037 3819 1090 3882 lex
1110 3821 1149 3883 id
1173 3824 1333 3898 contineat,

210 3934 274 4006 uta·
288 3926 363 3987 dom
386 3931 475 4004 pater
498 3933 548 3986 est
568 3924 788 4007 acatholicus,
810 3925 920 4006 proles
942 3924 1103 3990 masculae
1120 3929 1195 3991 eius
1214 3927 1333 4010 religio·

212 4050 284 4096 nem
306 4031 397 4109 sequi
417 4035 558 4106 possint.-
586 4031 774 4098 Reversales
795 4051 854 4115 per
874 4031 977 4116 legem
1007 4032 1137 4097 minime
1172 4037 1332 4117 abrogatas

223 4151 471 4181 ...........-

249 4284 253 4293 ,
281 4219 349 4285 aaa)
368 4222 454 4273 uon.
473 4219 532 4270 aaa
553 4236 612 4288 pag.
632 4225 692 4276 ssa.
721 4253 755 4264 -
870 4290 890 4299 ..
1015 4188 1021 4203 '

281 4313 347 4380 995)
368 4316 453 4367 Mon.
474 4312 534 4362 383.
555 4329 613 4379 pag.
634 4317 692 4367 585.
