2798 4838
509 268 662 343 -ito
687 306 738 323 -

58 388 227 479 trabentes
248 415 384 495 transigi
405 411 490 476 baud
519 420 651 493 posset,
681 399 803 475 saltem'
823 407 932 494 proles
962 431 1057 476 sexus
1087 413 1187 495 partis

60 519 295 584 catholicae‘in
303 519 385 583 Fide
395 519 489 583 cath.
500 518 685 581 educentur.
708 523 818 581 Pmasc
831 520 940 600 itaque
963 525 1013 581 est
1029 519 1108 619 baec
1122 518 1187 582 lie-
1244 605 1253 616 ἱ

59 624 184 689 solutio
206 626 328 706 Regias
364 644 444 707 quac
466 627 551 704 circa
572 624 771 687 matrimonia
792 624 889 686 mixta
916 625 1061 706 praecise
1083 643 1188 687 coram

58 732 210 794 Parocbo
233 730 401 795 catholico
422 730 558 795 ineunda
581 750 599 792 a
621 729 722 811 tregia
746 728 942 793 Auctoritate
967 730 1002 792 in
1024 729 1189 811 ilungario
1255 755 1261 787 ι

60 839 229 902 emanavit.

550 990 587 1085 g.
611 917 702 1064 'aaa

60 1124 236 1202 Prasia,
253 1146 363 1204 quse
378 1131 811 1203 postumianensem
825 1126 1191 1188 &mummi-v·-

60 1224 162 1282 lssit.
188 1227 241 1282 lss
268 1224 463 1296 principe
490 1222 626 1292 stagni
651 1221 862 1293 macconi,
889 1220 1190 1291 strigoniensi.

60 1314 322 1409 principium
340 1316 597 1374 catholicum
622 1313 852 1385 insigniter·
878 1319 1191 1373 nunterston.
1320 1350 1324 1356 ·

167 1440 364 1558 Quamquam
385 1473 551 1537 ltesolutio
575 1473 726 1538 Carolina
749 1495 768 1537 a
790 1472 1055 1537 contrahentibus
1074 1473 1192 1536 mixtae

62 1577 234 1662 religionis
256 1582 405 1662 personis
426 1577 537 1642 literas
560 1579 736 1644 reversaies
766 1577 806 1642 de
837 1578 1025 1642 educatione
1055 1575 1191 1664 prolium

60 1686 229 1767 utriusque
252 1706 345 1748 sexus
375 1689 408 1748 lu
428 1684 510 1749 Fide
542 1686 708 1748 Catholica
739 1688 823 1768 exigi
861 1683 946 1746 baud
976 1683 1192 1765 disposucrlts

60 1790 235 1867 Praesulee
257 1793 477 1873 tamenltegnl
497 1799 589 1854 matr.
612 1792 719 1854 mixtis
741 1791 958 1853 assistentiam
972 1789 1191 1852 l’arocborum
1283 1790 1300 1811 ⁹

61 1886 309 1961 catholicorum
332 1903 408 1958 tnnc
428 1902 549 1959 tantum
571 1898 729 1977 praestari
759 1895 987 1976 admittebant,
1018 1896 1046 1959 sl
1077 1894 1190 1959 condl'-

60 1996 218 2066 tionibus*
230 1998 417 2082 Ecclesiae,
449 2004 611 2083 signanter
634 2002 756 2063 deuon
780 2000 988 2083 pervertenda
1016 2007 1106 2083 parte
1138 2023 1188 2084 caf

61 2107 207 2187 thelica,
231 2115 263 2170 et
285 2107 459 2170 educandis
480 2108 513 2169 in
535 2106 883 2188 Religionecathollca
904 2105 1071 2188 prolibus,
1094 2126 1190 2189 spou-

61 2215 93 2280 sl
114 2217 242 2296 praevie
264 2214 517 2293 satisfecissent,
540 2215 754 2295 scriptamque
771 2211 908 2295 desuper
925 2214 1104 2275 cautionem
1122 2200 1189 2275 edlss

63 2320 208 2394 dissent3
239 2339 276 2381 ac
307 2319 443 2398 proinde
464 2325 588 2399 partem
616 2316 707 2382 illam
739 2316 961 2380 Resolutionls
983 2319 1104 2399 Regiae
1133 2329 1191 2400 pro

62 2419 190 2508 prlv'ata
218 2425 335 2487 notitia
363 2431 396 2488 et
422 2425 601 2488 directione
623 2422 829 2487 Pracsulibus
852 2424 1048 2500 intimatam,
1078 2429 1114 2487 ut
1141 2425 1191 2486 nl·

63 2533 183 2594 mirum
210 2550 273 2591 non
305 2529 493 2593 succedente
522 2537 660 2593 tractatu
689 2531 774 2591 luter
800 2548 936 2610 sponsos
975 2529 1015 2593 de
1046 2531 1192 2596 universa

63 2636 180 2701 sobole
202 2635 358 2698 catholice
381 2634 563 2713 educanda,
591 2635 736 2699 admiuns
767 2654 860 2696 sexus
881 2635 983 2715 partis
1013 2615 1192 2697 catholicae

62 2745 98 2806 in
121 2741 194 2805 Rel.
218 2740 387 2804 Catbulica
408 2743 636 2825 instituantur,
666 2738 764 2801 iidem
787 2737 954 2801 l’raesules
977 2744 1044 2800 tuta
1067 2740 1191 2802 cousci-

66 2850 155 2937 entia
177 2849 211 2909 in
233 2847 377 2909 effectum
402 2845 559 2935 deducere
580 2844 666 2907 baud
688 2850 875 2928 potuerant,
906 2864 965 2905 nec
988 2843 1117 2906 eandem
1140 2861 1192 2906 re·

66 2955 195 3036 ipsein
219 2953 364 3020 effectum
387 2951 591 3014 deduxerunt
615 2948 733 3013 Saltem
756 2947 797 3011 dc
818 2947 963 3032 principe
977 2950 1081 3031 Regni
1097 2949 1192 3041 llioe-

68 3061 157 3144 cesi,
180 3048 297 3141 quippe
314 3061 541 3141 strepentem,
563 3063 709 3119 constat:
726 3052 808 3135 illic
830 3074 894 3116 non
916 3057 1068 3120 ‚obstante
1091 3046 1194 3121 Reso-

65 3165 192 3229 lutlone
216 3161 367 3227 carolina
388 3165 510 3246 praxim
532 3162 698 3242 principiis
720 3159 885 3225 Ecclesiae
895 3159 1079 3225 Catholicae
1101 3181 1194 3244 pror·

67 3291 126 3334 sus
148 3270 343 3333 conformem
366 3270 525 3349 uiguisse,
549 3267 636 3349 quod
665 3266 812 3348 inprimis
835 3286 875 3330 ex
890 3264 996 3331 literis
1017 3264 1111 3329 valde
1126 3286 1194 3330 sss·

67 3375 280 3441 motabilibus
302 3375 495 3438 consistorii
515 3374 557 3436 ad
579 3375 751 3436 Primatem
774 3372 880 3452 datis,
904 3372 1105 3436 manifestum
1119 3351 1194 3435 red:

68 3481 176 3545 ditur:
198 3483 232 3543 iu
254 3481 368 3562 quibus
390 3476 744 3541 orthodoxaucclasiaa
767 3478 913 3540 doctrina
940 3484 1066 3540 strenue
1084 3483 1195 3542 contra

68 3586 269 3650 obiectiones
287 3564 486 3664 detenditur⁸,
509 3591 542 3645 et
555 3582 744 3664 praesertim
760 3580 796 3643 id
812 3589 1049 3664 propugnatura
1075 3583 1196 3663 promi·
1283 3650 1288 3660 ¹

68 3712 180 3757 seuam
195 3690 401 3755 matr.mixtis
420 3687 592 3752 assistendi
611 3674 872 3749 cousuetudinem
886 3685 1071 3768 sacrilegam
1083 3671 1154 3750 esse
1164 3694 1197 3751 et

68 3819 143 3862 cum
166 3794 316 3860 scandalo
340 3815 521 3859 connexam.
541 3793 636 3856 Juvat
657 3800 874 3872 argumentum
896 3790 1061 3855 literarum
1083 3793 1195 3856 barum

68 3905 202 3970 uberius
215 3921 405 3985 proponere.
428 3897 882 3975 a)lieclarat00usistprium:
904 3894 1195 3963 Resolutionisca-

68 4007 213 4087 rolinae‚
234 4007 446 4088 praesentiam
459 4005 599 4078 Perochi
616 4001 775 4068 catholici
790 4002 830 4065 ad
846 4001 981 4065 ineunda
999 4011 1090 4069 matr.
1098 4006 1196 4069 mixta

70 4114 284 4195 requirentis,
307 4131 435 4176 sensum
456 4132 519 4174 nou
542 4128 634 4187 esse,
665 4116 701 4172 ut
722 4109 859 4172 Paroebi
887 4108 1005 4172 iisdem
1035 4111 1196 4193 coniugiis

70 4220 168 4282 etiam
189 4224 285 4297 tuuc,
307 4218 381 4280 dum
402 4217 614 4280 certissimum
636 4213 730 4279 adest
748 4233 808 4298 pro
830 4221 922 4298 parte
943 4214 1101 4279 catholica
1121 4235 1195 4297 per·

70 4325 242 4390 rersiouis.
261 4321 459 4406 periculum,
488 4328 544 4392 aut
574 4306 659 4385 dum'
677 4319 717 4384 de
746 4318 895 4402 prolibus
928 4339 988 4403 pro
1010 4318 1196 4384 diversitate
1317 4368 1321 4375 .
