2798 4838
596 261 826 333 ..ιαμ

98 430 103 440 ·
146 411 180 470 ia
202 405 334 488 attinet,
358 424 418 486 per
438 405 674 485 abrogationem
697 403 921 466 Reversalium·
937 407 1098 486 insignem
1131 403 1258 486 discipli-

145 532 207 574 nae
229 513 314 574 circa
334 511 397 572 hoc
418 516 567 593 punctum
594 509 744 591 produxit
773 512 1022 573 conversionem.
1055 510 1133 574 Mos
1165 511 1259 596 viduli·

146 624 200 680 cet
219 618 259 678 ab
281 616 370 678 aditu
391 617 569 696 Regiminis
591 614 817 678 Resolutiones
834 619 961 697 quasvis
977 619 1064 680 cirea
1079 619 1207 699 objecta
1223 638 1261 679 ιι-

147 721 317 804 ligionaria
347 726 421 785 ante
452 740 487 783 se
519 719 621 783 editas
652 741 710 804 pro
733 724 891 784 revisione
915 723 1084 800 exhiberi,
1116 729 1262 804 totumque

148 829 293 911 Systoma
315 825 576 908 manipulationis
599 826 712 888 borum
744 820 942 909 objectorum
971 831 1188 890 remonstrari
1216 831 1263 890 sibi

147 935 254 997 iussit.
283 933 449 995 Praestitit
469 932 505 994 id
528 936 725 994 Cunceiloriu
753 939 851 1011 itepr'u
872 954 931 1015 ope
960 935 1262 1016 Repraesentationis

149 1040 215 1102 sive
237 1039 472 1119 Propositionis
496 1037 550 1099 dd.
573 1042 624 1098 23.
649 1038 759 1099 Martii
784 1044 874 1101 1781.
904 1042 937 1101 in
961 1059 1022 1118 qua
1046 1041 1215 1120 speciatim
1234 1039 1262 1100 de

147 1144 239 1228 praxi
261 1141 367 1224 quoad
388 1144 588 1205 matrimonia
611 1145 728 1205 mixtae
749 1143 917 1224 religionis
938 1148 1190 1208 remonstravitz
1213 1147 1261 1209 lie-

122 1231 290 1312 ‘versarer
313 1247 353 1310 de
383 1247 528 1329 prolibus
559 1251 592 1311 in
615 1247 695 1310 Fide
719 1249 886 1312 Catholica
916 1250 1091 1313 educandis
1121 1253 1156 1312 in
1187 1271 1262 1313 sensu

147 1358 293 1437 priorum
316 1349 558 1416 Resolutionum
581 1352 779 1416 desideratas
801 1352 914 1438 fuisse,
939 1357 1102 1437 orphanos
1137 1377 1209 1418 vero
1232 1359 1261 1418 ab

148 1458 337 1525 acatholicis
365 1461 552 1539 parentibus
583 1461 769 1541 progenitos
801 1466 832 1520 et
862 1458 968 1541 proles
998 1463 1131 1542 penitus
1163 1459 1261 1523 dereli-

149 1573 219 1633 σιω
253 1568 306 1633 in
323 1563 513 1629 dominante
553 1563 722 1645 Religione
771 1567 864 1630 earn.
915 1566 1046 1633 educari
1106 1567 1261 1644 debuisse,

147 1674 200 1737 rin
257 1679 362 1759 autem
406 1691 469 1749 non
514 1672 714 1759 obstantibus
738 1670 976 1760 reuersalibus
1031 1672 1144 1752 proles
1195 1671 1260 1735 tales

146 1773 181 1841 in
202 1738 483 1840 indifferentismo
493 1751 623 1837 educari
649 1776 859 1863 contigisset,
887 1754 1002 1839 mediis
1036 1781 1136 1840 etiam
1160 1776 1260 1839 stricti·

147 1886 258 1947 oribus
280 1863 428 1966 illarum,
451 1881 526 1944 dum
548 1860 651 1946 adhuc
682 1884 894 1945 minorennes
914 1890 1024 1965 erant,
1056 1884 1258 1945 educationem
1289 1928 1292 1933 -

146 1991 181 2052 in
205 1988 289 2052 Fide
314 1987 492 2051 orthodoxa
517 1995 678 2066 exactam
709 1989 737 2051 ai
761 1988 885 2050 demum
909 1990 977 2050 eius
1000 1991 1063 2051 iam
1089 1991 1202 2052 aetatis
1221 1989 1259 2049 io·

147 2102 236 2173 rent,
261 2101 296 2156 ut
318 2102 417 2156 semet
439 2095 478 2156 ad
503 2093 829 2174 certamreligiouem
852 2095 1064 2175 profitendam
1085 2095 1258 2158 determina-

147 2219 183 2287 re
203 2200 368 2280 noverint,
391 2200 632 2262 autreversales
650 2203 734 2280 exigi
756 2199 919 2280 neglectae
944 2208 1069 2278 essent,
1095 2204 1188 2264 unice
1202 2220 1259 2262 sua·

63 2384 64 2387 ¹
147 2307 180 2368 vi
201 2304 295 2368 modo
335 2305 464 2366 easdem
500 2304 542 2368 ad
572 2303 790 2387 amplectenda
812 2307 909 2367 Sacra
932 2304 1105 2368 catholica
1138 2304 1258 2388 disposi-

146 2417 198 2474 tae
219 2412 332 2474 luisse.
354 2406 417 2483 ⁹⁵⁷)

140 2566 144 2572 .
172 2515 498 2595 ·„,„Ade1bibitum
520 2516 585 2578 eibi
607 2516 794 2596 systematis
816 2516 1119 2597 pertractandorum
1141 2520 1173 2580 in
1187 2517 1258 2580 llus·

148 2624 246 2706 geria.
272 2622 473 2703 negotiorum
508 2619 786 2702 religionariorum
816 2631 1021 2702 conspectum
1051 2625 1175 2687 Caesar
1207 2640 1259 2684 ιιιιι

146 2726 603 2810 posuit-animadversionem:
627 2729 660 2788 in
681 2729 777 2790 variis
800 2728 1070 2809 dispossitionibu
1107 2733 1148 2792 ab
1178 2745 1258 2810 aequo

146 2828 581 2914 moderamine'aberratum,
599 2838 632 2894 et
652 2834 748 2894 iustis
767 2834 1017 2895 Protestantium
1042 2835 1187 2916 querelis
1207 2852 1260 2897 sae
1303 2902 1305 2909 ,

146 2940 245 3026 pins
252 2958 361 3002 ansam
381 2928 559 3047 piaebitam
591 2938 714 3018 fuisse,
743 2959 780 3000 ac
804 2939 938 3020 proinde
966 2946 1033 3001 tam
1063 2942 1171 3022 ipsius
1193 2936 1260 3004 licii·
1303 2928 1305 2953 ²

148 3042 253 3125 gioms
284 3045 436 3119 honorem
466 3042 559 3141 quam
588 3063 752 3106 commune
774 3044 980 3124 Reipublicae
1003 3047 1128 3108 bonum
1150 3062 1261 3128 aequam

147 3149 202 3210 bic
224 3149 378 3212 medelam
400 3150 509 3213 afferri
533 3170 720 3233 exposcere.
753 3171 786 3211 se
809 3153 915 3230 itaque
938 3152 970 3212 in
992 3152 1102 3213 animo
1129 3153 1262 3215 constitu·

147 3254 234 3330 isse,
256 3260 292 3316 ut
312 3254 445 3326 fundata
467 3257 713 3318 Protestantium
738 3258 918 3336 gravamina
941 3262 972 3318 et
993 3258 1118 3321 nlmiae
1140 3264 1261 3320 coarcti-

147 3360 253 3449 tiones
275 3379 347 3422 mox
368 3360 569 3423 sufferantur.
591 3363 676 3423 inter
699 3361 777 3423 baec
796 3362 935 3441 disparis
959 3382 1091 3442 quoque
1114 3360 1261 3444 religiorb

148 3466 320 3530 connubia·
336 3463 438 3528 relata
469 3473 581 3538 sunta·
595 3468 680 3528 circa
704 3487 782 3547 quae
806 3468 925 3530 Caesar
947 3468 979 3527 in
1003 3465 1124 3531 eadem
1146 3464 1261 3533 Resolu-

147 3574 235 3637 tione
257 3573 439 3654 praecepit:
463 3578 499 3643 ut
520 3570 708 3637 Reversales
731 3579 838 3635 mutuo
863 3593 899 3634 ae
921 3571 1091 3635 liberrimo
1128 3587 1260 3636 consensu

148 3676 188 3741 de
211 3698 248 3739 eo
269 3679 390 3756 initae,
413 3697 564 3758 quaenam
586 3676 695 3757 proles
718 3680 752 3738 in
761 3678 1010 3740 Protestantium
1034 3678 1187 3743 doctrina
1203 3677 1259 3740 edu·

73 3874 75 3879 .
148 3782 267 3847 candae
290 3784 372 3861 sint,
396 3804 455 3865 pro
478 3786 562 3849 veris
584 3804 621 3846 ac
643 3781 759 3845 ualidis
783 3786 998 3866 recipiantur,
1022 3791 1057 3845 et
1079 3805 1143 3847 nec
1167 3783 1259 3865 orpiu·

134 3889 182 3951 ni
203 3889 362 3950 tutoribus
383 3909 442 3952 nec
463 3891 573 3970 proles
601 3891 789 3971 parentibus
823 3890 1031 3968 auferantur,
1063 3890 1167 3955 modo
1195 3884 1258 3951 ciri

155 4072 403 4091 ..suu-un·—

217 4181 284 4250 957)
303 4187 569 4249 Repraesentstionis
588 4202 638 4238 seu
655 4189 942 4266 Propositiouisbuius
965 4186 1254 4242 cancellariorum

183 4281 308 4344 saperius
327 4284 390 4329 noto
408 4274 477 4330 897.
496 4281 655 4332 mentionem
682 4281 803 4332 fecimus.
