2798 4838
519 244 747 318 -473-

553 429 590 522 p.
619 430 706 502 aar.
774 382 783 392 ’

64 571 119 630 ln
134 566 325 626 vomitus
341 567 478 638 magni
492 570 573 628 sub
593 569 744 628 verule
761 566 826 627 Vl·
839 566 1062 630 celebrastis
1075 569 1194 630 sss-is

64 659 309 730 Evsnnliet
325 663 616 733 proponebant
632 663 747 720 eires
772 676 863 720 resss
888 666 1016 722 ssssrt.
1042 662 1192 723 mixto.

65 768 164 811 mm
184 755 419 824 punietur
438 755 513 810 sesi
540 755 864 813 Besoiusiosrosss
890 754 1079 826 primum
1096 761 1193 827 poss

65 844 267 916 cumeis,
285 859 399 904 sssns
419 848 543 904 ¹281.
560 849 652 904 Rex
670 847 827 918 edidis,
839 846 1042 906 utemini·
1069 851 1193 907 valde

358 937 629 1005 generalibus
647 947 905 1014 conceptam.
931 978 935 985 -
1016 937 1023 953 ‘

170 1094 254 1176 Quid
272 1096 449 1171 Primates,
473 1117 643 1178 eorumque
666 1096 811 1183 exemplo
833 1080 1137 1179 ceteri'Praesrrles,
1159 1101 1192 1165 in

64 1201 181 1264 merito
211 1210 303 1265 matr.
335 1204 504 1264 mixtorum
536 1205 594 1289 sub
622 1205 756 1287 imperio
781 1187 887 1269 'caroli
906 1204 960 1270 Vl.
986 1207 1125 1287 egerint,
1159 1206 1192 1273 ln

62 1292 330 1388 praecedentibus
354 1311 402 1383 §§.
424 1306 570 1372 vidimus.
603 1310 777 1390 Superest,
802 1316 836 1373 ut
862 1310 966 1392 ipsius
988 1310 1087 1393 Regis
1120 1308 1192 1374 sen-

62 1414 199 1475 tentiam
222 1413 432 1494 exquiramus.
455 1414 545 1487 Hanc
565 1418 798 1498 percipiemus,
829 1416 856 1478 si
880 1417 969 1499 prius
992 1420 1061 1479 acta
1084 1414 1192 1479 Comi·

62 1520 183 1580 tiorum
207 1521 265 1579 sub
285 1514 402 1581 Carolo
427 1517 657 1583 celebratorum
686 1520 936 1583 lustravcsimus.
958 1521 1060 1584 Prout
1078 1522 1109 1585 in
1127 1523 1191 1585 Co·

63 1624 166 1686 mitiis
193 1626 266 1686 anni
288 1629 378 1687 1708.
400 1620 462 1697 ⁹¹⁸)
493 1625 537 1686 ita
558 1627 588 1686 in
611 1626 732 1713 Diaetis
755 1630 933 1707 subsequa,
956 1627 1046 1697 annis
1074 1605 1191 1715 quiippe

64 1734 160 1791 1715.
182 1736 214 1790 et
239 1735 331 1793 1723.
356 1727 526 1792 celebratis
543 1731 726 1811 Evangelici
752 1734 784 1794 in
805 1735 872 1794 suis
890 1716 1192 1823 Memoriallbusbad

62 1835 176 1898 Status
195 1824 299 1915 Regni
321 1833 495 1896 identidem
516 1835 658 1899 dimissis
681 1858 739 1916 pro
765 1857 799 1899 se
825 1839 1034 1907 irrestrlctam
1057 1820 1191 1900 liberia-

60 1948 130 2004 tem
157 1948 223 2003 tum
245 1939 376 2003 ineundi
407 1941 608 2004 matrimonia
636 1944 753 2019 mixta,
781 1950 847 2006 tum
873 1934 980 2023 proles
1006 1941 1191 2017 educandi,

59 2044 289 2127 postulabant,
322 2045 538 2110 declarantes:
569 2068 633 2110 non
655 2055 773 2110 tantiam
797 2048 837 2111 de
859 2044 959 2129 legali
985 2046 1191 2129 professione
1233 2088 1237 2095 ·
1362 2048 1368 2058 “

59 2148 160 2213 liberi
182 2150 348 2234 religionis
372 2136 513 2216 exercitii
545 2154 659 2216 iisdem
681 2156 796 2235 ubique
827 2155 859 2216 in
883 2155 994 2235 liegno
1023 2143 1191 2237 concessi,

59 2277 170 2319 verum
195 2264 227 2319 et
249 2257 289 2318 de
312 2260 380 2320 iure
402 2259 542 2321 naturali
563 2260 625 2320 hoc
648 2280 735 2339 esse,
771 2267 804 2321 ut
834 2260 865 2323 in
890 2281 966 2324 casu
996 2262 1190 2323 matrimonii

61 2360 205 2442 disparis
229 2361 332 2424 cultus
356 2365 394 2425 ab
417 2367 551 2427 arbitrio
576 2366 827 2427 contrabentium
850 2373 913 2428 tam
943 2365 995 2445 id,
1016 2350 1191 2453 ¹cirius‘ress

59 2464 194 2548 ligionis
217 2469 353 2530 ministri
377 2491 473 2551 opera
499 2473 529 2531 in
554 2469 756 2552 copulatione
787 2472 967 2555 uti,qi1am
992 2468 1042 2548 id,
1065 2472 1096 2532 in
1114 2493 1190 2553 qua·

59 2593 137 2636 nam
157 2571 313 2654 religione
332 2572 439 2655 proles
458 2596 533 2636 snas
558 2575 685 2637 educari
704 2574 820 2654 velint,
850 2556 1035 2658 dependeat.
1075 2555 1191 2638 Eleon-

59 2686 111 2740 tra
131 2680 240 2741 Status
260 2685 292 2741 ct
310 2681 447 2741 Ordines
466 2679 627 2743 Catholici
650 2682 682 2742 in
701 2680 846 2762 pluribus
872 2682 997 2763 punctis
1019 2684 1191 2761 gravabant

60 2780 293 2864 Euangeliou,
315 2787 462 2866 inprimis
493 2792 616 2865 atatem,
640 2785 727 2866 qarod
744 2788 780 2875 ¹iu
805 2787 963 2867 coniugiis
983 2784 1121 2867 disparis
1138 2806 1190 2849 re-

56 2887 192 2970 ligionis
215 2891 339 2970 iniquas
363 2900 394 2952 et
416 2891 670 2970 praeiudiciosas
699 2890 900 2953 conditiones
932 2888 971 2953 de
1002 2878 1189 2955 educatione

11 2994 23 3011 ²
56 2992 265 3074 religionaria
289 2995 425 3077 prolium
448 2996 621 3080 adiiciant,
644 3004 675 3058 ct
698 2995 850 3075 plurimas
874 3016 912 3057 ex
933 2995 1089 3083 imbecilli
1112 2988 1189 3060 sexu

54 3100 215 3164 i'oemines
237 3123 390 3181 personas
413 3094 506 3164 etiam
531 3108 641 3165 eontra
663 3100 769 3164 datam
791 3109 936 3182 tempore
966 3103 1113 3193 obtentae
1131 3085 1189 3164 'ds’-

54 3200 271 3287 sponsationis
289 3202 352 3280 ⁹¹⁴)
376 3210 645 3271 assecurationem
668 3207 782 3271 aFide
802 3204 971 3270 calholica
995 3190 1189 3271 abstrahant

54 3313 169 3392 suique
191 3330 343 3393 sequaces
366 3313 528 3395 efficiant,
551 3313 674 3376 demum
697 3336 760 3377 non
783 3312 882 3376 semel
900 3315 968 3376 Deo
992 3321 1023 3376 ot
1038 3313 1185 3397 Religio-

53 3419 88 3481 ni
98 3415 287 3480 Catholicae
310 3418 416 3481 datam
438 3439 497 3500 ope
518 3419 666 3502 'publicae
684 3410 897 3500 professionis
912 3410 1089 3482 iuramento
1105 3410 1188 3509 quo-¹i

54 3543 119 3606 que
140 3525 285 3586 firmatae
316 3523 412 3586 iidem
440 3526 568 3605 impune
591 3523 723 3586 violent.
748 3558 786 3568 -
817 3524 867 3588 Ad
900 3522 1062 3606 postulata
1084 3524 1189 3587 Evan-

54 3625 233 3711 gelicorum
257 3636 289 3691 et
310 3630 488 3709 gravamina
513 3626 753 3692 Catholicorum
775 3630 904 3692 uberius
928 3628 1135 3717 disquirenda
1158 3635 1190 3691 et
1301 3663 1305 3670 ·

52 3734 209 3815 aequitati
238 3754 275 3796 ac
304 3736 448 3797 iustitiae
477 3736 683 3797 conformiter
714 3734 890 3814 decidenda
920 3755 978 3814 per
1009 3733 1187 3807 Articulum

51 3839 154 3903 XXX.
177 3840 251 3901 anni
275 3844 366 3903 1⁷15.
390 3842 669 3924 commissio,
701 3861 718 3904 e
751 3844 847 3904 sacro'
876 3836 1076 3924 profanoque
1099 3840 1186 3902 ordi-
1309 3878 1311 3885 ι

67 4002 70 4007 ’
126 4027 195 4095 913)
214 4033 248 4083 a.
266 4026 290 4095 p.
308 4029 371 4084 aas.
389 4031 416 4082 a
435 4033 496 4085 ane.
1117 4108 1120 4113 .

124 4120 192 4184 914)
210 4124 265 4176 Vei
288 4124 349 4173 binc
375 4132 505 4187 mperes,
536 4125 613 4185 initio
632 4126 659 4175 in
689 4125 830 4191 Hnngsris
849 4126 883 4176 sd
901 4126 1047 4177 inondum
1063 4125 1091 4179 is
1115 4126 1186 4183 iscis

90 4213 235 4267 Ecclesiae
260 4215 370 4267 mixtam
396 4217 591 4268 matrimonium
621 4217 849 4281 dispensationes·
877 4217 1185 4271 ordinarium-neces·
1260 4298 1264 4304 Ι

88 4307 189 4360 sarissa
215 4309 309 4359 tuisse.
