2798 4838
565 288 792 362 ...105-

143 450 190 492 rem
211 431 373 512 utriusque
404 437 569 512 parentum
598 432 725 512 paridem
756 435 846 514 segari
876 431 1013 514 debere,
1043 435 1103 499 bae
1132 443 1236 500 tamen

138 557 187 598 con
210 538 414 618 exceptione,
453 537 539 619 quod
569 539 602 600 in
624 547 774 620 parantum
805 536 912 620 proies
942 539 1114 604 secundum
1144 547 1237 623 pacta

132 643 240 722 praevie
261 643 343 704 inita
364 644 397 704 in
419 641 627 706 determinata
649 643 805 725 religione
828 644 980 707 educatae
1005 652 1036 706 et
1055 647 1119 708 iarn
1142 649 1237 727 etiam

130 749 323 810 confirmatae
345 748 471 827 forent,
493 749 553 811 hae
575 770 675 831 usque
698 770 799 812 annos
822 750 1023 812 discretionis
1047 752 1078 813 in
1100 753 1163 814 ista
1186 772 1237 814 re·

126 850 234 934 ligiorm
266 873 470 934 perseverare
493 853 685 936 obligentur.
724 857 756 929 e)
780 856 1006 938 Superioribus
1028 855 1237 919 Ecclesiasti-

124 960 160 1021 cis
177 961 232 1022 ins
256 966 458 1040 competere,
481 960 587 1024 debite
610 959 819 1041 inspiciendi,
847 981 886 1023 en
909 980 1037 1024 normae
1060 963 1120 1024 hae
1143 981 1236 1025 accu-

122 1071 179 1126 rate
199 1067 422 1127 observentur.
434 1062 496 1138 309)

211 1171 298 1232 cnm
321 1171 353 1231 in
376 1169 490 1232 Edicto
512 1171 586 1231 anni
611 1174 702 1232 1818.
724 1178 845 1232 tantum
875 1170 916 1233 dc
939 1171 1128 1235 educatione
1160 1170 1237 1235 reli-

119 1275 256 1356 gionaria
279 1268 420 1358 proliuni
450 1295 467 1336 e
491 1276 596 1337 mixtis
618 1277 783 1337 connubiis
807 1276 1011 1357 disponatur,
1044 1277 1084 1339 de
1106 1283 1237 1357 copula·

118 1386 192 1443 tone
213 1400 293 1442 vcro
318 1400 525 1462 personarum
549 1401 566 1441 a
589 1381 750 1470 curiusnam
773 1379 940 1463 religionis
963 1384 1109 1445 ministro
1141 1402 1234 1464 pera-

118 1486 209 1566 genda
236 1484 284 1547 nil
309 1484 513 1548 decernatur:
538 1505 601 1546 non
623 1493 772 1565 poterant
794 1507 857 1547 non
880 1485 1064 1569 frequentes
1087 1489 1120 1548 in
1143 1489 1234 1566 praxi

120 1593 185 1655 «iri
207 1591 423 1655 difficultates
446 1597 478 1653 et
500 1593 723 1672 quaestiones,
754 1591 795 1652 ad
818 1612 896 1673 quas
920 1592 1115 1656 amoliendas
1137 1593 1237 1654 Mini-

125 1698 251 1760 Miem'
277 1699 412 1778 Regium
443 1695 604 1778 complura
644 1696 758 1758 edebat
795 1696 922 1759 decreta
963 1717 1001 1759 eo
1033 1698 1235 1777 potissimum

129 1801 296 1882 indenda,
330 1811 366 1865 ut
386 1802 427 1864 ad
450 1821 575 1881 casum,
615 1822 677 1883 quo
709 1802 864 1883 parochus
896 1801 1072 1865 catholicus
1104 1799 1236 1884 copula-

129 1908 229 1972 tionem
254 1909 447 1988 denegaret,
470 1910 616 1972 minister
636 1909 883 1989 protestanticus
906 1909 947 1970 ad
968 1907 1056 1971 illam
1079 1927 1235 1990 peragen-

124 2011 183 2077 dn
202 2016 411 2092 activisetur,
440 2015 597 2094 parochus
620 2021 724 2074 autem
747 2012 926 2075 catholicus
953 2015 986 2075 in
1017 2014 1079 2075 hoc
1109 2020 1236 2095 potique

124 2136 185 2182 utu
206 2119 252 2183 ad
274 2120 484 2182 extradandas
514 2139 572 2201 pro
594 2126 685 2199 parte
708 2117 866 2181 catholica
896 2119 1064 2200 coniugum
1087 2119 1237 2181 dimisso·

124 2223 207 2288 rirles
229 2224 343 2287 literas
366 2227 550 2305 stringatur.
587 2226 673 2286 inter
701 2224 780 2285 haec
804 2224 930 2286 decreta
960 2230 1106 2286 notamus
1133 2228 1237 2302 primo

124 2328 191 2394 illud
223 2331 279 2392 dd.
300 2336 350 2393 23.
368 2331 469 2411 April.
487 2336 578 2392 1823.
608 2349 669 2410 qrro
702 2331 842 2391 ministri
874 2328 1096 2392 consessionis
1127 2334 1237 2412 prote-

124 2439 267 2518 stanticae
289 2434 460 2518 copulandi
483 2443 671 2518 potestatem
700 2454 758 2515 pro
782 2454 819 2495 eo
842 2435 936 2496 etiam
959 2455 1033 2496 casu
1062 2434 1237 2516 acciplunt,

124 2542 325 2624 siparochus
349 2540 526 2603 catholicus
557 2540 667 2602 literas
691 2538 925 2603 dimissoriales
949 2538 1114 2601 extradere
1135 2541 1237 2620 tergi·

122 2653 310 2711 versaretur:
339 2648 372 2708 in
394 2644 451 2708 tali
474 2647 591 2726 quippe
614 2666 688 2707 casu
717 2647 750 2707 in
773 2648 918 2727 partibus
940 2645 1101 2706 Rhenanis
1124 2645 1237 2705 matri-

122 2755 252 2815 monium
282 2751 389 2814 coram
417 2753 611 2832 Magistratu
649 2750 735 2812 civili
773 2751 887 2811 initum
917 2748 1015 2810 veluti
1053 2754 1235 2811 contractus

122 2878 197 2921 nere
218 2858 322 2922 civilis
345 2855 484 2921 validum
508 2862 631 2935 manet,
659 2874 718 2915 nec
739 2856 915 2935 requiritur
945 2873 982 2914 ex
1010 2861 1099 2933 parte
1121 2852 1236 2917 Eccle-

122 2965 181 3027 siae
201 2963 309 3042 aliud‚
332 2983 425 3044 quam
446 2971 482 3025 ut
504 2963 674 3038 doccatur,
704 2961 935 3021 matrimonium
958 2978 1065 3020 coram
1086 2958 1158 3022 soro
1189 2960 1236 3021 ci-

123 3068 170 3132 uit
198 3056 261 3131 rite
291 3068 476 3132 conclusum
507 3089 578 3130 esse
597 3065 678 3142 310);
714 3071 853 3127 secundo
874 3066 1079 3147 Rescriptum
1111 3062 1164 3127 dd.
1184 3070 1235 3128 25.

123 3174 213 3256 dpril.
239 3180 330 3237 1823.
353 3174 394 3237 ad
417 3176 568 3254 Regimen
592 3172 827 3233 Provinciarum
842 3170 948 3232 Rheni
972 3170 1148 3250 directum,
1172 3191 1234 3252 quo

125 3280 216 3353 cidem
239 3281 434 3360 iniungitur,
455 3286 545 3359 parte
568 3299 605 3341 ex
627 3298 684 3339 sua
707 3274 820 3338 sedulo
843 3275 1045 3353 attendendi,
1073 3284 1108 3338 ut
1130 3277 1234 3339 omnis

126 3387 236 3448 coactio
259 3387 428 3447 occasione
450 3383 663 3464 copulationis
686 3385 855 3445 mixtorum
877 3383 1170 3461 matrimoniorum,
1202 3388 1235 3444 et

128 3490 209 3553 timul
232 3491 431 3554 educationis
452 3488 677 3570 religionariae
701 3487 837 3567 prolium
860 3485 1136 3562 amoveatur³¹¹);
1166 3496 1236 3548 ter·

129 3601 162 3657 tio
180 3599 346 3679 Rescripta
378 3597 518 3676 supremi
541 3597 634 3674 Regii
657 3579 857 3654 consistorii
887 3592 940 3652 dd.
963 3597 1013 3652 13.
1031 3592 1118 3670 Sept.
1139 3593 1233 3651 1811.

130 3707 153 3762 ct
169 3702 219 3766 dd.
240 3708 289 3767 18.
300 3703 396 3764 Mart.
418 3706 510 3763 1825.
533 3700 760 3760 administros
782 3698 1046 3776 protestanticos,
1069 3695 1233 3757 utmixtae

128 3805 280 3891 religionis
304 3827 458 3886 sponsos,
488 3826 567 3887 quos
589 3804 720 3886 parochi
751 3800 901 3864 catholici
932 3799 1083 3883 copulare
1105 3805 1234 3865 recusa-

182 3986 249 4054 309)
267 3992 357 4041 Mon.
377 3990 436 4040 1211.
455 4003 517 4054 pag.
536 3985 596 4036 146.
620 4011 657 4022 -
684 3984 846 4055 Geeetablctt
860 3984 906 4043 seir
924 3985 972 4032 doe
998 3981 1160 4043 Kdaipretcb
1177 3982 1234 4030 Bc·
1316 4060 1318 4067 Α

151 4083 214 4133 tem.
234 4080 321 4133 1818.
340 4084 391 4132 ΙΧ.
411 4082 450 4130 St.
469 4093 494 4137 p,
514 4074 677 4128 149-180.

181 4169 249 4236 310)
269 4176 358 4224 Mon.
382 4172 444 4222 125.
468 4185 530 4235 pag.
555 4169 615 4220 147.
638 4194 676 4206 —
698 4165 859 4226 Aluemetne
880 4165 1112 4225 Ktrcbcnaeituno.
1137 4164 1233 4215 Dorm-

148 4270 226 4316 stodt.
246 4263 333 4316 1823.
352 4279 377 4322 p,
397 4261 468 4313 6⁶2.

182 4354 251 4420 311)
272 4358 363 4407 Mon.
382 4354 443 4407 126.
462 4368 525 4419 pag.
543 4351 604 4404 148.
623 4378 657 4390 -
675 4352 784 4411 Atacem.
803 4349 837 4399 K.
858 4351 891 4399 Ζ.
910 4344 1041 4405 183611.
1060 4343 1147 4397 1035.
