2798 4838
591 251 822 321 ...240-

145 400 177 455 et
198 394 427 474 praesertima
454 414 544 456 sacro
571 378 758 476 quoeunque
780 396 843 458 ritu
867 395 1071 472 adbibendo3
1097 393 1263 476 solumque

144 500 176 562 iu
199 496 361 562 nonnullis
391 497 473 562 locis
502 499 537 561 id
564 498 712 579 tolerari,
741 510 776 563 ut
803 501 937 582 parochi
968 501 1008 562 ad
1039 500 1261 584 praestandam

144 602 263 667 talibus
285 604 495 667 matrimoniis
519 607 733 667 assistentiam
755 607 931 687 compulsi,
955 608 989 668 sl
1020 627 1115 670 secus
1143 605 1260 669 nullum

145 711 293 772 obstabat
331 710 515 772 canonicum
553 711 833 791 impedimentum,
866 720 1050 792 paterentur
1071 731 1257 774 eonsensum

144 817 308 894 utriusque
330 815 431 896 partis
451 816 485 876 in
501 817 735 899 matrimonium
758 837 865 879 coram
888 838 922 878 se
939 818 1123 897 enunciari,
1144 828 1258 879 actum·

52 902 54 907 ⁵
144 938 203 1002 que
227 920 330 982 raude
353 928 478 1001 gestum
505 920 579 981 dein
601 921 634 982 in
656 921 774 984 librum
795 924 1069 986 matrimoniorum
1097 923 1256 985 referrent.

144 1029 178 1098 c)
205 1029 251 1090 De
273 1027 315 1088 iis
342 1027 554 1094 matrimoniis
582 1028 710 1101 mixtis,
741 1047 823 1108 spirae
852 1030 971 1106 absque
1001 1030 1185 1109 presbyteri
1213 1049 1255 1090 ca-

144 1131 259 1195 tholici
282 1133 463 1211 praesentia
482 1133 563 1194 inita
586 1140 679 1211 sunt,
703 1136 846 1195 statuite»
862 1135 1000 1212 primum
1023 1133 1127 1213 quoad
1156 1133 1252 1195 matri·

144 1239 249 1301 monia
271 1228 524 1300 metenus'iaita
545 1258 581 1300 se
602 1240 689 1300 brevi
710 1241 884 1320 Episcopis
915 1236 1135 1320 delegatorum
1164 1236 1254 1301 facul·

144 1348 261 1420 tatem,
299 1344 389 1405 errius
421 1362 479 1423 ope
510 1343 670 1406 scandalis
701 1362 738 1406 se
760 1343 853 1407 malis
883 1344 996 1406 exinde
1031 1346 1113 1407 ortis
1144 1344 1254 1407 mederi

143 1449 286 1532 possiut;
319 1467 378 1530 pro
398 1447 509 1511 futuro
531 1468 626 1527 vero,
655 1456 747 1510 matr.
764 1450 860 1511 mixta
887 1470 950 1511 non
974 1456 1099 1511 serrata
1120 1450 1254 1512 formae

145 1555 243 1616 Cone.
266 1552 456 1616 ’l'ridentino
479 1557 698 1636 praescripta,
727 1557 756 1617 si
776 1555 865 1617 aliud
887 1555 928 1616 iis
956 1577 1019 1617 non
1041 1558 1157 1617 obstet·
1172 1576 1253 1619 cano·

144 1662 249 1723 nicom
272 1660 553 1741 impedimentum,
575 1680 648 1722 vera
670 1668 802 1740 rataque
823 1661 914 1722 i'oree
930 1661 1058 1741 vhucque
1073 1661 1180 1743 ipsum
1196 1681 1252 1742 per·

21 1755 28 1828 ’,
144 1766 235 1829 sonis
257 1763 426 1827 catholicis
451 1765 558 1828 debite
579 1765 817 1845 inculcandum,
847 1774 898 1827 ast
926 1787 980 1828 eas
1010 1787 1073 1828 una
1100 1786 1198 1849 super
1224 1785 1251 1827 eo

146 1869 325 1934 edocendas
348 1889 437 1949 esse,
469 1871 557 1950 urrnd
579 1872 668 1953 ipsae
688 1871 766 1933 licet
788 1871 949 1952 ualidum,
979 1870 1129 1934 illicitum
1161 1879 1249 1935 tamea

145 1976 379 2039 matrimonium
408 1979 643 2056 contraxerint,
675 1985 707 2038 et
737 1976 779 2039 de
807 1979 979 2040 commisso
1017 1980 1107 2059 gravi
1135 1985 1266 2059 peccato*

144 2082 373 2164 poenitentiam
401 2079 476 2144 illas
507 2103 624 2162 agere,
656 2074 755 2160 eoque
786 2085 865 2144 eniti
887 2090 1052 2164 oportere,
1085 2090 1121 2145 ut
1144 2082 1247 2163 oblige-

72 2240 81 2255 .
145 2187 287 2253 tionibus
309 2186 398 2268 suis,
427 2189 616 2269 praesertim
638 2188 744 2269 quoad
767 2187 957 2250 catholicam
979 2187 1120 2269 prolium
1151 2189 1246 2251 educa·
1292 2268 1294 2273 Ι

144 2293 263 2357 tionem
284 2293 371 2355 omni
395 2292 491 2355 mado
512 2293 700 2356 satIsiaccre
720 2288 990 2366 adlaborent.⁴⁷⁴)

555 2473 558 2477 ·
629 2465 667 2558 g.
693 2466 782 2536 rau.

144 2601 377 2669 hetruseis
404 2603 643 2666 cardinalis
671 2606 781 2662 secr.
802 2605 943 2661 Stntus
971 2606 1041 2664 od.
1059 2609 1128 2665 8!-
1143 2605 1246 2664 nori·

440 2698 563 2757 188⁰.
581 2696 728 2781 eodem
745 2696 793 2755 lm
809 2696 975 2755 merito.
1283 2694 1287 2701 '

247 2859 377 2918 Praeter
398 2858 498 2918 Breve
519 2857 615 2918 iussit
631 2852 782 2919 'Surumus
805 2857 955 2918 Pontifex
983 2855 1180 2941 peculiarem
1207 2853 1249 2918 ad·

144 2963 206 3025 buc
235 2964 480 3024 Instructionem
514 2963 753 3048 recurrentibus
789 2963 961 3043 Episcopis
997 2963 1104 3024 mitti:
1140 2964 1176 3025 in
1204 2978 1252 3044 qus

144 3073 279 3128 mentem
311 3086 400 3129 suam
433 3069 517 3130 cirea
543 3069 743 3130 matrimonia
773 3069 871 3131 mixta
901 3068 935 3130 in
956 3069 1111 3131 Borussia
1141 3074 1253 3151 praeter

145 3171 280 3234 formam
301 3193 319 3233 a
344 3174 440 3235 Cone.
463 3172 653 3235 Tridentino
682 3176 913 3256 praescriptam
944 3174 1023 3235 inita
1052 3158 1195 3246 uberius'
1211 3173 1261 3235 de

146 3275 286 3339 claravit.
326 3268 368 3338 u't
394 3278 542 3358 inprimis
576 3279 682 3359 quoad
708 3281 908 3342 matrimonia
930 3281 993 3342 iam
1014 3279 1171 3341 hactenus
1193 3297 1256 3341 eoo·

145 3390 266 3460 tracta,
289 3381 384 3445 malis
406 3381 520 3446 exinde
542 3387 623 3448 artis
645 3384 802 3458 medelam
824 3383 997 3464 allaturus,
1026 3391 1058 3446 et
1081 3383 1255 3447 Catholica-

109 3486 115 3490 ’
144 3509 213 3551 rum
236 3489 267 3550 in
300 3490 458 3569 coniugiis
488 3491 670 3553 istiusmodi
700 3511 807 3553 coram
835 3492 902 3552 Deo
935 3497 967 3552 et
987 3488 1136 3552 Ecclesia
1167 3489 1256 3552 irritis

144 3597 315 3657 viventium
338 3602 456 3657 sortem
477 3596 666 3676 miseratus,
690 3598 799 3678 eisque
820 3596 999 3658 faciliorem
1019 3597 1103 3657 viam
1124 3595 1169 3657 ad
1190 3613 1256 3677 poe·

145 3702 308 3763 nitentium
331 3707 518 3780 aperturus,
547 3704 784 3765 recurrentibus
806 3703 982 3782 Episcopis
1004 3707 1197 3783 potestatem
1217 3700 1254 3760 ie·

146 3807 191 3867 eit
211 3798 440 3885 confirmandi,
463 3824 521 3886 ac,
549 3815 586 3868 ut
606 3805 743 3886 dicitur,
775 3808 809 3869 in
836 3808 943 3869 radice
974 3805 1110 3869 sanandi
1138 3807 1252 3889 nuptias

148 3910 305 3972 eiusmodi
327 3930 427 3990 usque
450 3910 492 3974 ad
515 3911 599 3973 diem
621 3914 813 3992 receptionis
836 3912 1058 3975 instructionis
1087 3913 1182 3974 buius
1203 3909 1250 3971 ini·

146 4023 217 4100 tas,
240 4015 445 4099 dispensandi
467 4008 593 4099 quoque
614 4019 647 4079 in
669 4018 764 4097 aliis,
795 4020 824 4082 si
855 4039 933 4099 quae
961 4018 1125 4096 bis.ipsis
1156 4013 1246 4078 matri·

147 4121 264 4183 moniis
287 4121 506 4203 obstitissent,
529 4124 691 4187 canonicis
714 4123 962 4204 impedimentis.
990 4125 1059 4189 Hae
1080 4129 1182 4186 tamen
1201 4137 1243 4204 pu·

148 4244 394 4262 *sn-
457 4251 460 4255 ·

217 4330 287 4410 bib)
303 4334 332 4387 ir
343 4349 357 4386 o
368 4350 395 4386 n.
414 4333 477 4387 182.
494 4349 557 4402 neg.
568 4329 654 4388 ‘23²ss
751 4368 758 4388 .
