2798 4838
584 298 635 313 -
659 260 740 332 494⁴
761 297 814 315 -ν

142 408 320 475 centonem
348 423 438 469 tuom
466 407 499 467 in
528 394 676 485 coniugio
706 376 868 466 remanere
890 401 1069 486 voluerint,
1100 403 1249 486 dicpeooa·

142 517 261 578 tionem
282 510 469 594 petendam,
492 516 525 570 et
546 529 735 572 consensum
756 509 988 584 renovandum
1012 530 1128 589 aecus,
1159 513 1186 571 oi
1206 514 1254 570 ob·-

140 623 257 687 otinate
278 640 297 681 a
319 618 467 698 coniugio
488 614 614 678 reoilire
635 613 753 694 velint,
783 613 910 677 eaodem
938 617 980 678 ad
1003 616 1068 679 alia
1092 623 1164 679 vota
1185 615 1250 677 libe·

141 721 197 790 ιιι
230 722 486 806 pronunciandao
517 740 598 783 ecce.
638 722 690 783 Ac
709 726 741 783 6.
763 720 815 785 Ad
837 722 952 785 Sedem
974 721 1195 804 Apostolicam
1213 743 1250 783 re·

142 828 330 893 currendam
352 847 434 890 eote.
450 823 515 900 956>

579 894 789 922 -l-u—--

630 1045 666 1139 g.
694 1047 782 1120 aaa.

418 1184 661 1243 litteratura
686 1200 736 1243 cx
762 1186 930 1257 topacio·
957 1190 992 1244 1.

246 1307 317 1368 386.
339 1302 476 1367 Unicum
506 1323 585 1385 opus
614 1324 653 1367 ex
682 1302 815 1384 Epocha
836 1304 861 1365 Ι.
893 1292 1144 1387 commemorare
1172 1301 1250 1376 licet,

143 1412 176 1472 in
198 1429 260 1491 quo
282 1411 427 1491 qoaootio
449 1409 489 1472 de
511 1410 626 1472 mixtae
646 1408 812 1491 religionis
829 1410 1037 1471 matrimoniis
1055 1409 1197 1470 nonnihil
1210 1429 1252 1468 co·

143 1517 245 1591 ration
268 1515 458 1578 diacutiturt
488 1516 636 1576 nimirum
658 1513 779 1577 Pauli
802 1515 938 1577 Lucae
960 1513 1201 1597 Perghold,
1218 1504 1254 1574 ‘dc

143 1608 361 1705 sponsalibus,
390 1625 586 1684 matrimonii
614 1621 861 1699 impedimentis,
892 1625 1094 1683 matrimonio
1136 1641 1174 1681 cc
1200 1624 1255 1680 εὲιιι

105 1778 107 1782 ,
142 1731 419 1792 iudtcaoiubiiitotc
446 1732 496 1789 oct
524 1734 699 1788 secuntum
729 1731 834 1805 ipsum
859 1732 923 1787 Juo
943 1732 1088 1788 Naturae
1118 1733 1255 1787 cdocrruc

145 1837 362 1896 Naturalium
384 1836 458 1893 iibri
478 1833 672 1910 Apolopotici
694 1841 778 1910 trec,
798 1851 857 1911 pro
886 1833 969 1911 side,
993 1837 1080 1911 iepc,
1107 1836 1253 1912 Principe,

37 1970 44 1985 .
144 1942 278 2001 ocritotc
298 1944 384 2001 editi.
395 1941 516 2000 ucoca
525 1942 624 1998 1763.
648 1927 683 1998 in
706 1956 801 2019 opere
825 1939 888 1999 isto
911 1941 981 1998 Lib.
1002 1938 1049 1998 ΙΙ.
1071 1927 1110 2012 ,ςζ
1131 1943 1207 1998 364.
1222 1954 1254 1995 ιι.

143 2064 214 2122 pap.
237 2049 316 2109 283.
339 2064 381 2106 aa.
404 2045 541 2123 Auctor,
573 2040 709 2123 prolatio
731 2041 878 2125 pluribus
908 2043 940 2104 S.
963 2041 1151 2124 Scriptorac
1178 2040 1254 2102 texti-

145 2152 222 2228 bus,
247 2150 294 2211 oic
310 2154 572 2230 argumentatur:
594 2149 693 2227 „Etsi
708 2149 846 2229 partium
861 2149 1097 2211 matrimonium
1119 2149 1197 2210 inire
1212 2166 1254 2205 oo·

143 2252 279 2316 lentium
314 2253 483 2316 diversitas
513 2251 681 2334 religionis
712 2273 775 2314 ooo
804 2251 887 2332 alia,
919 2274 1012 2335 quam
1040 2252 1099 2316 illa
1110 2301 1121 2338 ,
1153 2273 1254 2336 quaea

146 2360 331 2422 christiana
354 2364 403 2421 eet
423 2357 549 2438 alieno,
572 2366 607 2421 ut
628 2357 835 2440 ludaisrpuo,
868 2358 1100 2440 Gentilicmuo,
1129 2358 1255 2421 videatur

146 2452 218 2551 eaeo
239 2465 497 2547 impedimentum
513 2473 603 2527 matr.
614 2464 785 2527 dirimens:
809 2465 837 2526 oi
856 2471 959 2527 tamen
976 2446 1122 2528 textuum
1145 2467 1176 2527 S.
1185 2465 1255 2527 Scri·

146 2579 258 2657 ptorae
279 2570 462 2633 attendatur
482 2572 586 2651 ratio,
616 2572 722 2654 ipsum
745 2569 871 2634 scilicet
898 2573 1120 2653 perversioris
1151 2572 1256 2654 perico-

145 2668 230 2758 lum,
252 2679 350 2739 vctita
371 2677 518 2760 profecto
543 2676 671 2738 defendi
693 2685 829 2758 possunt
852 2677 1030 2740 Catholicis
1063 2698 1140 2740 oum
1165 2679 1257 2740 baere-

146 2785 221 2846 tici·
243 2784 453 2846 matrimonia.
477 2784 548 2845 Non
572 2784 697 2862 obstat,
720 2783 806 2862 quod
828 2790 863 2846 ut
876 2783 980 2846 valida
997 2787 1199 2864 temporibus
1213 2801 1257 2844 no-

134 2890 224 2953 ·ctrio
255 2890 431 2951 habeantur
458 2888 537 2951 talia
568 2890 769 2950 matrimonia
802 2909 840 2951 ex
871 2910 930 2951 usu
970 2896 1001 2951 et
1033 2889 1259 2953 consuetudine.

149 2995 417 3058 Consuetudinem
440 3014 573 3075 namque
597 2994 679 3056 banc
699 2996 762 3056 iam
785 2996 824 3056 ab
847 2993 994 3056 Ecclesia
1023 2994 1198 3058 toleratam
1215 2995 1259 3055 ho·

147 3100 264 3162 minum
286 3100 411 3162 induxit
431 3101 622 3184 perversitas
628 3146 640 3184 ,
663 3107 695 3162 et
711 3098 1006 3162 infelicissimorum
1023 3108 1260 3181 temporumoo·

148 3209 288 3266 utrorum
315 3205 508 3270 inevitabilis
535 3207 599 3268 iam
627 3204 712 3268 facta
740 3205 900 3268 cumillis
932 3207 1151 3269 conversandi
1172 3223 1261 3268 neces·

149 3309 259 3388 citae,-
287 3329 367 3391 quae
404 3318 508 3374 tamen
539 3311 690 3392 obligatio
714 3311 918 3375 cohabitandi
939 3332 1009 3372 oum
1037 3311 1110 3374 illie
1142 3327 1259 3390 eouoqnc

149 3411 301 3477 duntaxat
322 3416 472 3496 stringit,
494 3417 594 3479 donec
616 3416 721 3499 aliqua
751 3437 789 3478 ex
811 3427 900 3498 parte
931 3415 1063 3479 illorum
1095 3417 1260 3481 conversio·

147 3520 198 3584 nio
226 3540 321 3606 epea,
343 3527 397 3583 aut
419 3521 532 3585 saltem
556 3521 677 3584 nullum
700 3532 847 3604 exparte
870 3521 1031 3585 Catholici
1057 3520 1260 3603 perversiooh

88 3642 91 3648 ’
146 3626 324 3710 periculum
352 3627 451 3691 adest
482 3630 579 3693 Pacta
610 3648 683 3689 vero
718 3629 757 3691 de
789 3649 847 3708 eo,
879 3636 913 3691 ut
936 3631 1031 3711 juxta
1064 3649 1166 3694 sexos
1202 3646 1259 3691 coo·

44 3734 48 3738 ’
149 3734 326 3814 ‘ruentium
347 3734 381 3795 in
403 3740 490 3796 secta
511 3741 674 3817 parentum
698 3733 870 3797 educentur
890 3733 1006 3814 liberi,
1029 3756 1206 3818 numquam
1224 3735 1259 3791 cot

126 3854 129 3859 ·
150 3836 330 3939 expeditum
352 3840 453 3926 inire,
474 3860 546 3902 com
567 3839 601 3901 id
622 3861 687 3901 non
709 3839 752 3902 eit
772 3838 881 3918 aliud,
913 3860 1013 3922 quam·
1030 3839 1184 3927 polluere
1205 3857 1258 3901 aar

150 3949 235 4005 ctum
257 3944 385 4008 Domini
407 3951 438 4008 et
460 3945 499 4008 de
522 3948 640 4008 semine
663 3966 720 4008 ouo
750 3944 826 4008 dare
849 3945 1013 4009 Moloch.'’
1045 3946 1197 4011 Notaoda
1220 3961 1257 4006 rr·

132 4050 343 4150 ,gumentatio
365 4050 517 4114 adverso·
539 4054 636 4115 mixta
658 4052 821 4133 coniugia!

161 4168 401 4191 *un-—

219 4241 285 4307 986)
304 4246 394 4296 Mon·
413 4241 473 4294 804.
492 4256 553 4307 pag.
573 4242 634 4296 ⁶89,

814 4344 830 4356 t

613 4366 860 4388 m
