2798 4838
580 220 807 358 -ma-ss-

129 435 278 498 studeant
300 413 528 506 conseruarc;'’
560 430 695 512 deniqne
719 450 747 492 a.
770 435 859 493 tiit.
882 429 923 492 ad
954 432 1177 510 quaestionem
1198 448 1240 488 eu-

130 543 267 620 iuspiam
292 539 427 601 Parachi
451 546 633 617 sequentem
665 536 795 599 dedisse
823 536 1050 599 iuviationema
1079 543 1118 599 ut
1147 537 1180 597 iu
1202 554 1243 599 cs·

131 667 192 724 sn‚·
212 664 273 725 quo
294 664 369 725 pars
393 643 551 705 catholica
573 664 645 704 cum
668 642 845 704 acatholica
870 643 910 703 de
933 642 1104 706 ordinarii
1118 659 1244 721 ¹consen·

132 773 168 813 su
192 749 385 812 connubium
407 751 485 826 init,
516 752 597 810 ritus
627 751 660 812 ia
684 749 960 811 administratione
991 748 1190 813 matrimonii
1202 748 1246 818 xat

131 855 278 922 Ecclesia
310 856 531 936 praescriptus
561 874 619 935 per
651 856 754 919 omnia
785 861 947 938 servetur,
976 856 1007 916 si
1029 872 1110 916 vero
1139 850 1247 915 idmadi

134 963 386 1044 conjuactionem
408 959 508 1039 dura,
532 979 610 1039 quae
631 959 781 1041 impediri
802 981 865 1023 nou
888 961 1013 1040 possit,
1045 961 1188 1041 imperet
1204 978 1248 1021 ac·

133 1069 286 1145 cessitas,
309 1069 349 1128 ab
370 1067 442 1150 ipsa
464 1067 579 1145 etiam,
605 1086 699 1145 quam
719 1068 753 1128 in
775 1064 918 1129 liliorum
940 1085 1075 1129 suornm
1095 1063 1249 1129 ratim

135 1176 199 1237 niis
221 1172 366 1234 adhiberi
388 1170 519 1238 Rituaie
542 1173 657 1250 exigit,
680 1171 903 1239 bersedietiono
926 1173 1143 1235 abstineatur.
1160 1165 1217 1240 968)

625 1415 664 1508 p
689 1416 774 1488 aar.

137 1554 459 1614 controuersiae
494 1545 851 1633 Dtoeeeqaanorum
882 1544 979 1610 euni
1014 1548 1250 1609 ntea-tortu

137 1645 330 1713 Ponticis
348 1646 394 1703 im
413 1647 569 1706 merito
597 1639 965 1718 dispensationum
982 1644 1030 1700 tn
1059 1643 1250 1712 gradibus

136 1738 279 1796 vetitis
297 1740 438 1808 quoae
457 1753 664 1810 putamus
683 1738 838 1796 mixtae
865 1736 1107 1805 religionis.
1127 1731 1252 1792 (tarti-

139 1833 251 1887 ποιᾶς
279 1831 479 1889 ennarr-
507 1846 532 1887 ι
557 1826 772 1911 Butthyrin
796 1830 1013 1887 sententio
1036 1825 1251 1898 principiis

241 1922 463 1981 mitoneis
477 1923 711 1982 confer-nris
728 1913 767 1980 a.
786 1924 911 1980 mit.
924 1924 1167 1994 depromta.

160 2174 162 2180 ,
244 2105 314 2167 Non
336 2108 487 2186 cuiquam¹
504 2060 675 2188 Episcopis
697 2107 821 2187 peperit
852 2105 1042 2168 anxietatem
1076 2122 1115 2165 ea
1136 2097 1251 2180 insepti

143 2210 291 2274 caesaris
315 2211 495 2274 ordinatio:
518 2223 555 2274 nt
573 2217 610 2272 iu
629 2221 791 2290 pasterum
812 2214 960 2289 Episcopi
984 2212 1022 2269 in
1043 2212 1191 2271 omnibus
1208 2224 1251 2265 aa·

32 2351 36 2359 ·
143 2321 266 2390 nauiais
294 2322 524 2406 impedimentis
560 2322 797 2380 matrimonium
831 2319 1072 2391 dimittentibus,
1111 2318 1253 2390 ciprinum

143 2427 178 2482 in
199 2427 303 2485 aenne
321 2427 474 2501 prodibam
494 2427 776 2501 consanguinitatis
796 2441 835 2481 ac
852 2422 1029 2496 adfinitatis
1049 2424 1187 2498 propria
1205 2434 1252 2476 au·

143 2532 288 2590 ctoritate
308 2533 508 2607 dispensent,
530 2534 652 2589 nntium
675 2537 807 2589 eatenus
828 2533 871 2589 ad
890 2530 1001 2587 Sedens
1015 2530 1193 2586 itomanam
1211 2539 1252 2581 re·

144 2652 275 2694 cursum
293 2634 450 2708 facienda.
472 2633 670 2696 Facultatem
692 2633 774 2693 hanc
796 2629 1005 2712 dispensandi
1025 2631 1062 2691 in
1081 2626 1199 2692 nnllam
1215 2645 1252 2687 aa·

29 2811 35 2818 ,
147 2759 215 2799 sarm
247 2737 288 2800 ad
318 2741 519 2801 matrimonia
550 2741 665 2800 mixtae
698 2736 865 2817 religionis
896 2736 1024 2798 exiendi
1056 2755 1174 2816 posse,
1200 2749 1253 2794 cue

28 2856 29 2859 ’
147 2842 199 2929 uel
218 2846 322 2925 ipsum
345 2847 396 2906 ius
420 2843 626 2927 dispepsandi
655 2845 688 2904 in
712 2842 940 2924 impedimento
972 2840 1174 2903 diversitatis
1198 2834 1255 2900 reli·

148 2951 253 3029 gionis
276 2950 467 3030 impediente
490 2951 724 3011 matrimonium
754 2947 832 3009 Sedi
854 2944 1065 3027 Apostolicae
1100 2944 1257 3009 constanter

64 3128 65 3133 ἵ
149 3056 306 3116 reservari
329 3075 367 3116 ex
389 3054 533 3116 doctrina
548 3054 716 3116 Benedicti
732 3053 816 3116 xiv.
840 3061 948 3115 notum
966 3060 1078 3130 esset,
1104 3051 1186 3137 ultro
1204 3067 1257 3130 per·

151 3178 279 3239 spexere
302 3161 467 3241 Episcopi.
489 3163 539 3223 Ex·
559 3163 621 3244 iis,
645 3162 700 3240 qui
721 3160 784 3220 lroc
806 3161 841 3220 in
863 3166 977 3240 puncta
1000 3160 1195 3240 principiam
1221 3173 1257 3213 ca·
1291 3152 1293 3207 i

152 3264 304 3347 tholicrrm
338 3258 463 3344 egregie
494 3267 758 3347 propugnabant,¹
792 3273 824 3325 ct
854 3264 1021 3325 occasione
1055 3267 1259 3345 positarum:
1291 3260 1293 3287 ²

152 3369 340 3432 Dicasteriis
363 3368 511 3431 Politicis
541 3373 782 3454 quaestionum,
806 3373 881 3451 quin
911 3369 1006 3452 plane
1038 3369 1260 3433 adorsoriornu

152 3477 371 3542 intimatorum
395 3477 565 3556 insigniter
589 3478 828 3554 sustentabant,
859 3477 1064 3545 nominamus
1094 3477 1195 3558 primo
1214 3469 1260 3533 vi

153 3583 316 3643 carium
354 3574 732 3662 strigoniensem:
766 3582 881 3658 quiin
920 3580 1158 3660 impedimento
1195 3573 1260 3639 lem

155 3686 272 3765 gradus
304 3688 505 3766 cognationis
543 3708 613 3748 cum
652 3689 785 3766 Sponsis
825 3685 968 3745 diversae
999 3684 1177 3766 religionis
1202 3696 1260 3743 ama

159 3795 251 3851 1785.
284 3789 469 3871 dispensare
500 3791 613 3853 noluit.
653 3794 701 3854 Re
732 3791 773 3852 ad
796 3786 973 3851 consilium
998 3776 1144 3872 Regium
1172 3785 1261 3858 delata,

159 3900 191 3955 et
212 3912 269 3973 per
291 3895 354 3956 hoc
384 3895 470 3975 apud
500 3895 783 3958 (iardinalem
813 3895 1056 3957 Primatem
1091 3888 1261 3970 anatum

91 4057 94 4063 ,
159 3999 346 4080 quaestione
366 4004 493 4081 posita,
517 4001 698 4064 (tardiualis
718 4003 841 4064 Primas
863 4000 895 4061 in
919 4002 1073 4081 energica
1090 4003 1260 4084 Repraesen-

158 4105 280 4165 tatioue
302 4102 357 4165 dd.
380 4109 410 4166 8.
432 4107 562 4171 Octobr.
587 4112 677 4170 1785.
711 4106 856 4171 Consilio
879 4106 984 4186 Regio
1017 4107 1202 4191 rescripsit:
1225 4116 1258 4161 tr·

161 4247 410 4270 q-d--m

229 4334 296 4401 968)
315 4340 455 4391 Protacatt.
474 4339 567 4391 Diaec.
589 4343 704 4393 Resona.
723 4341 757 4393 de
775 4355 818 4393 an.
838 4336 924 4391 raet.
943 4336 975 4392 et'
990 4336 1086 4395 1785.
