2798 4838
642 174 647 185 ι

585 266 810 341 ...m-.-

620 578 656 673 §.
683 579 769 651 eoo.

135 743 252 816 opus
268 741 451 802 δοαιιιιι
467 737 713 799 mmccccl»
721 739 868 797 titulos
885 720 1249 822 „Athanasius”

135 846 179 900 ct
193 841 420 900 litor-atur·
438 854 516 912 per·
531 839 640 897 illuri
657 844 885 911 provocata
911 856 962 901 ox
988 856 1104 905 anna
1133 845 1251 903 108&

236 1003 309 1064 tte.
330 1001 520 1063 loannes
544 999 699 1062 (isitres
720 1017 779 1080 per
798 997 913 1062 librum
936 1022 1048 1082 suum,
1073 1022 1168 1083 quom
1184 1007 1251 1084 post

135 1111 279 1171 eventum
310 1104 533 1169 coloniensem
562 1107 621 1167 sub
651 1101 765 1167 titulo=
804 1106 1009 1169 Athanasius.
1042 1112 1250 1187 Bepemborp.

133 1217 235 1276 1838.
249 1211 396 1294 scripsit,
411 1212 495 1275 intra
515 1215 583 1272 tres
604 1228 728 1271 menses
750 1216 861 1290 quater
883 1192 1021 1293 editum3
1042 1214 1077 1275 in
1101 1210 1250 1275 millenis·

135 1337 196 1400 que
210 1323 243 1380 et
256 1315 396 1380 millenis
418 1306 653 1395 lem-mplaribuo¹
670 1335 920 1408 quaquaversum
937 1314 1172 1399 propagatum,
1192 1339 1248 1381 ma·

134 1440 230 1506 gnum
250 1424 313 1485 sibi
334 1441 446 1485 nomen
469 1421 671 1503 comparavit.
700 1421 736 1485 ln
754 1442 791 1483 eo
814 1423 1055 1513 actauiactaqne
1077 1406 1248 1507 Regiminir

133 1520 300 1591 llorosciol
330 1534 441 1590 contra
474 1524 653 1611 Ecclesiam
683 1513 882 1591 catholicam
912 1514 1055 1609 elisacia,
1094 1534 1247 1611 totamque

134 1633 304 1697 universim
319 1631 514 1696 tendentiam
530 1651 568 1696 ac
582 1632 788 1699 intentionem
798 1630 1027 1696 catholicismo
1043 1654 1181 1715 prorsus
1197 1635 1249 1695 ini·

132 1739 247 1802 micam
275 1738 356 1802 atris
387 1736 532 1821 depingit
558 1735 741 1814 coloribus3
779 1738 934 1822 AE'ppnm
964 1736 1191 1802 coloniensem
1222 1739 1249 1801 ir

132 1842 255 1933 triplici
270 1841 425 1908 relatione
439 1842 483 1907 ati
492 1844 645 1925 Regimen
660 1842 823 1939 positum,
847 1844 964 1925 quippe
989 1844 1162 1926 Episcopi,
1183 1844 1248 1908 snb-

134 1946 215 2029 itti,
238 1956 271 2013 et
290 1946 456 2012 Ecclesiae
478 1936 665 2011 Catholicae
685 1934 821 2028 insignis
844 1947 983 2011 athletae
1005 1948 1247 2028 considerando,

131 2051 260 2141 refellit
281 2055 407 2135 omnia,
429 2072 568 2134 quaeque
590 2049 755 2143 Regimen'
767 2056 797 2115 ei
821 2056 957 2137 obiecit3
991 2055 1023 2117 ln
1054 2056 1165 2134 capite
1185 2073 1247 2117 vero

135 2134 177 2223 tle
203 2154 339 2243 genuina
359 2157 515 2223 relatione
535 2156 713 2222 Ecclesiam
743 2159 827 2221 inter
858 2167 889 2221 et
919 2159 1090 2222 Civitatem
1121 2161 1246 2242 interce·

135 2264 229 2329 olente
250 2265 296 2329 ita
318 2269 476 2346 versatur,
498 2271 533 2328 ut
553 2271 644 2344 parte
667 2285 706 2327 ex
726 2285 788 2327 una
809 2263 934 2351 plenam
952 2263 1119 2329 Ecclesiae
1141 2268 1176 2328 in
1201 2254 1247 2328 ιιι

135 2370 272 2452 sphaera
292 2367 472 2461 libertatem
493 2375 641 2452 tueatur,
672 2377 764 2455 parte
785 2376 888 2433 autem
916 2390 955 2433 ex
975 2368 1078 2433 altera
1105 2371 1247 2434 maiorem

133 2496 194 2558 per
215 2477 367 2560 Regimen
389 2475 612 2539 vindicatum
601 2497 635 2538 m
656 2478 782 2558 negotia
803 2474 969 2565 religionis
991 2476 1150 2540 influ'xum
1171 2494 1247 2540 seve

134 2603 169 2646 re
186 2584 331 2664 castiget.
353 2581 567 2644 Attentionem
585 2580 779 2663 peculiarem
795 2579 1103 2653 mereturludicium
1121 2582 1164 2645 de
1180 2582 1246 2644 mir

134 2690 178 2751 tis
199 2687 409 2751 matrimoniis
440 2707 459 2749 a
489 2695 626 2768 quatuor
648 2686 864 2751 celeberrimis
886 2688 1100 2755 Ductoribus:
1132 2692 1245 2751 Dillio·

131 2814 208 2880 μιν,
237 2798 375 2877 Mitior,
397 2799 445 2854 De
466 2798 559 2873 Moy,
581 2796 730 2877 rbtootps,
753 2793 971 2876 depromtnm,
1004 2781 1159 2874 operique
1185 2811 1243 2874 pag.
1288 2872 1290 2877 Ι

136 2903 271 2975 cof-75.
286 2901 460 2961 insertumr
481 2898 516 2960 in
538 2917 600 2978 qno
619 2896 741 2963 famosa
752 2899 923 2965 conventio
942 2918 979 2960 ac
987 2899 1160 2961 instructio
1169 2898 1244 2978 Spie·
1286 2880 1290 2977 ι

133 3002 276 3087 galiano·
277 3006 476 3066 Burseniana
497 3003 538 3065 de
563 3008 612 3066 19.
631 3002 718 3093 lunii
742 3008 834 3068 1834.
856 2994 1189 3086 tamquamEcclesiae
1206 2996 1242 3063 le-

134 3128 190 3192 ges
211 3105 334 3193 violans
356 3116 387 3170 et
404 3098 500 3173 Brevi
520 3109 573 3171 Pii
594 3109 678 3173 Vlli.
701 3109 741 3172 ‹le
762 3129 812 3172 an.
838 3112 929 3170 1830.
961 3109 1124 3172 contraria
1155 3106 1242 3191 pluri·

135 3217 194 3277 bua
217 3189 417 3276 describitur.
448 3214 485 3276 ln
513 3217 577 3277 fine
607 3216 714 3298 operis
746 3235 858 3296 magna
889 3198 961 3277 cum¹
982 3196 1122 3317 energia
1134 3209 1290 3277 incolat

135 3316 312 3381 catholicos
335 3319 519 3412 Provinciae
540 3321 710 3389 Rhenanae
732 3318 926 3407 alloquitur,
951 3326 989 3417 ut
1010 3320 1071 3419 pro
1095 3318 1242 3383 defensio·

167 3599 224 3649 Der
251 3596 412 3659 verbasci,
431 3599 474 3648 ein
493 3599 665 3659 Protestant,
684 3599 728 3647 hat
747 3610 778 3647 so
796 3597 853 3647 viel
877 3593 1178 3664 sriosmerttuguog,
1195 3594 1240 3649 alti

135 3730 136 3733 ,
168 3690 226 3740 rcin
244 3691 292 3739 aut
308 3691 360 3741 den
384 3688 551 3750 Standpunct
569 3691 616 3740 deo
640 3690 742 3740 Rechts
761 3703 796 3738 nu
814 3686 927 3752 stellen,
952 3690 1007 3738 und
1025 3689 1071 3739 dic
1094 3689 1196 3751 llecbte
1211 3685 1240 3738 ei

168 3794 218 3832 rer
240 3780 338 3833 liirche
360 3794 396 3831 rut
419 3780 625 3846 vertheiu'irpen„
648 3783 734 3833 deren
757 3777 879 3837 Giauben
906 3794 937 3830 er
959 3780 1003 3839 iias,
1025 3779 1096 3848 irrig
1119 3778 1192 3837 biit!
1212 3777 1241 3827 n

168 3875 248 3921 rettct
266 3873 386 3927 dadurch
402 3872 445 3923 die
464 3873 546 3935 Ehre.
557 3874 604 3933 der
619 3873 866 3935 protestantisohen
884 3873 1001 3937 Pressa,
1020 3871 1066 3929 elia
1084 3873 1143 3922 sich
1158 3870 1242 3939 gros·-

168 3960 296 4016 tantbcils
320 3960 406 4026 blico,
430 3962 684 4028 -leitaoschattlictr,
714 3966 769 4021 und
798 3965 947 4029 ongoreobt
973 3962 1002 4013 iu
1026 3964 1131 4021 (iissem
1154 3961 1240 4013 sacto

168 4054 288 4119 geaeigt
306 4055 338 4107 In
357 4056 404 4104 der
420 4056 489 4111 'rhet
505 4057 563 4122 gibt
588 4055 664 4117 diosc
676 4055 783 4113 acurio
811 4056 891 4109 cinon
917 4052 1019 4128 Beleg,
1037 4057 1094 4109 wie
1111 4057 1160 4109 (ier
1174 4051 1241 4129 glit‘

171 4145 233 4211 bigo
256 4147 411 4199 Protcstant
438 4148 619 4199 mocschadct
642 4148 733 4203 samar
760 4136 955 4216 Uberraipung
978 4147 1048 4215 puch
1071 4150 1170 4211 autera
1188 4144 1239 4199 Kit-

168 4238 237 4293 chen
260 4237 288 4291 in
320 4237 498 4303 argentorat
526 4240 645 4295 lireiheit
676 4242 731 4293 unci
755 4240 783 4291 in
809 4239 1023 4309 argentariam
1046 4240 1155 4303 Bestiae
1176 4238 1237 4299 ihrer

168 4329 272 4389 Βιιιιι
290 4331 378 4390 acteo
396 4332 458 4391 stoi
473 4331 602 4395 existima
618 4330 710 4400 iussos
728 4331 829 4397 Ιιιιιι.”
