2798 4838
584 256 813 328 -141—

140 400 284 463 trimonia
313 400 413 462 mixta
446 401 610 481 sequentia
641 399 787 464 ordinata
816 407 909 464 suot:
948 403 981 475 a)
1004 401 1180 464 necessitas
1200 418 1256 483 pe-

144 505 248 568 tendae
279 506 490 587 aRegimine
513 505 765 586 dispensationis
796 503 943 586 sublata,
973 503 1170 590 libemmque
1202 505 1259 570 de-

150 609 291 674 claratum
321 618 390 694 est,
413 620 505 673 mair.
522 613 618 674 mixta
639 613 731 675 inire.
781 612 817 687 b)
837 609 951 674 l‘roles
977 609 1138 676 ordinarie
1159 632 1259 696 usque

152 736 233 779 annos
255 715 461 779 discretionis
484 718 517 779 in
541 716 742 780 confessione
771 718 874 797 patris
904 716 1032 780 educari
1055 719 1180 798 iussae,
1202 739 1260 799 pa·

154 823 277 884 rentibus
307 829 411 884 tamen
439 823 471 884 in
505 821 593 884 saluo
623 820 737 885 relleio
767 824 854 904 lure,
885 805 974 885 aliud
1005 842 1062 904 per
1082 829 1175 904 pacta
1203 841 1258 885 co-

157 946 208 990 run
226 928 440 1009 magistram,
471 930 523 990 eni
551 929 598 989 vir
625 929 789 991 subiectus
820 936 890 1010 est,
920 928 1079 1008 ineunda,
1108 927 1258 993 deterrui·

161 1031 255 1115 nandi,
278 1053 316 1094 eo
341 1034 433 1095 unice
456 1036 643 1113 observato,
674 1033 780 1115 quod,
807 1031 883 1096 dum
904 1035 953 1097 sir
974 1041 1024 1097 est
1046 1031 1259 1116 evangelicus,

160 1136 204 1199 lilii
222 1159 327 1200 casum
355 1140 389 1200 in
412 1159 534 1201 omnem
564 1138 706 1201 eiusdem
729 1139 972 1203 consessionem
1003 1139 1092 1220 sequi
1114 1138 1258 1202 debeant„
1292 1187 1300 1197 .

111 1304 113 1309 .
162 1244 185 1316 c)
205 1241 443 1326 Copulationem
473 1252 506 1306 ct
534 1245 788 1308 benedictionem
827 1243 870 1308 ad
897 1242 1036 1308 valorem
1064 1247 1258 1309 matrimonii

162 1351 348 1411 necessariam
372 1370 498 1430 semper
519 1372 537 1413 a
560 1349 701 1433 parocho
723 1339 833 1431 sponsi
857 1351 1069 1433 peragendam
1092 1371 1175 1433 esre,
1195 1350 1259 1413 nil-

164 1473 204 1533 qus
221 1457 362 1534 obstare,
386 1457 553 1536 qarominus
577 1476 652 1538 erga
671 1456 865 1519 desiderium
887 1457 989 1537 partis
1005 1454 1139 1519 alterius
1162 1458 1257 1529 etiam

166 1559 279 1623 minister
313 1558 483 1642 religionis
514 1561 658 1623 eiusdem
685 1562 748 1624 ritu
771 1582 829 1625 suo
860 1559 1117 1624 benedictionem
1139 1563 1258 1643 imper·

111 1718 116 1725 .
169 1663 314 1728 invaleat
331 1661 405 1741 ²⁴⁴).
431 1658 468 1713 -’-
502 1669 719 1748 quamtumvis
741 1668 773 1728 in
797 1665 931 1750 prologo
953 1666 1063 1730 Edicti
1085 1667 1177 1730 istius
1200 1688 1255 1730 so·

111 1790 120 1903 p
172 1765 395 1834 lermbnsverbis
406 1770 620 1854 spondeatur,
640 1770 867 1835 Catltolicosln
881 1777 1046 1854 posterum
1056 1769 1151 1855 plena
1168 1792 1257 1835 exer-

111 1914 118 1953 ,
173 1873 214 1936 ciiii
237 1875 403 1958 religionis
435 1898 511 1940 surae
538 1875 705 1958 libertate,
730 1878 807 1940 item
836 1877 950 1941 iisdem
981 1878 1256 1960 iuribus,quibus

111 1966 131 2037 .““
167 1976 350 2045 lmiestantes
373 1983 534 2063 fruuntur,
561 1983 726 2047 donandos
749 1984 839 2046 tore:
870 2004 906 2046 ex
924 1991 1034 2046 tenore
1056 1970 1160 2048 tamen
1177 1983 1257 2048 lldl·
1349 2050 1362 2073 ἡ

111 2078 123 2181 ᾗ
165 2085 280 2151 mmor
313 2089 426 2151 attacti
457 2091 536 2152 satis
567 2096 715 2172 apparet,
746 2090 815 2151 iura
844 2086 1073 2153 catholicorum
1104 2091 1147 2163 ln⁴
1165 2095 1256 2155 matr.

119 2190 122 2195 ’
164 2191 241 2255 nirtis
262 2193 436 2257 admodum
459 2196 653 2276 constringi,
686 2197 848 2280 signanter
875 2192 907 2258 in
930 2216 1024 2278 casu,
1052 2178 1257 2278 quo'oir'est

164 2298 354 2380 euangelieus:
383 2308 458 2361 tunc
481 2302 563 2362 enim
585 2321 649 2363 non
673 2302 880 2367 obstantibus
904 2302 1027 2384 pactis,
1057 2288 1168 2383 proles
1190 2321 1255 2364 ma-

163 2401 241 2467 sculae
263 2425 390 2486 semper
411 2407 444 2468 in
462 2406 664 2487 confessione
682 2392 862 2488 evangelica
885 2407 1013 2470 educari
1035 2398 1233 2482 dcbent.²*³)

125 2510 129 2529 ²
235 2512 408 2592 Rescripto
432 2512 506 2573 anni
530 2516 622 2574 1810.
654 2511 827 2593 dispositio
852 2533 888 2574 ea
916 2511 1018 2594 legis,
1048 2519 1085 2575 ut
1111 2515 1143 2575 in
1166 2500 1256 2575 deie-

163 2616 196 2674 ctu
210 2624 373 2697 pacturum
397 2637 505 2679 omnes
528 2616 637 2698 proles
666 2618 700 2679 in
722 2618 922 2680 consessione
945 2620 1046 2698 patris
1070 2616 1255 2705 educentur,

162 2714 382 2784 iiamodiiicata
406 2718 477 2785 est:
515 2730 571 2802 ut,
602 2721 676 2782 dum
708 2723 856 2802 coniuges
888 2721 1017 2784 aliunde
1045 2723 1078 2782 in
1110 2722 1255 2803 liegnum

162 2821 335 2910 immigrant,
370 2835 400 2890 ei
430 2829 557 2910 praevie
585 2829 618 2888 in
650 2827 754 2907 pactis
786 2811 981 2906 nuptialibus
1012 2825 1117 2907 quoad
1140 2825 1255 2889 eduea-

161 2926 251 2997 iimem
282 2932 422 3017 prolium
458 2932 695 3014 religionariam
727 2930 898 3012 quidquam
934 2930 1129 3013 decernunt,
1162 2939 1255 3012 pacta

776 3024 779 3029 .
927 3038 930 3045 ι
1049 3020 1066 3059 i.
1220 3028 1222 3033 .

205 3144 268 3210 244)
286 3148 377 3198 Mon.
392 3146 435 3197 97.
455 3158 516 3212 pag.
537 3145 595 3196 110.
624 3150 632 3185 ²³

205 3234 269 3301 Μ)
288 3239 480 3303 diliger,
499 3238 544 3287 die
566 3235 816 3296 Wairiemberqa'mbe
836 3235 1031 3298 Geretsqebunp
1047 3238 1116 3288 siber
1128 3236 1252 3301 nemeacu-

181 3332 297 3382 omen
316 3331 431 3380 sardica
449 3332 497 3380 der
515 3342 608 3389 evena.
628 3329 811 3378 Geirtlisbiceit
832 3328 1032 3390 wurtemberpe.
1051 3332 1101 3381 xi.
1119 3332 1153 3383 li.
1171 3332 1254 3382 Sisti-

179 3414 495 3481 centemnens.
522 3422 645 3484 apposite
670 3421 876 3472 onim'sduertita
901 3417 1001 3484 „stelit
1028 3420 1086 3470 sieb
1113 3423 1162 3473 der
1178 3423 1256 3473 Stant

177 3510 255 3582 vortig
273 3515 430 3566 indiderent
455 3528 546 3579 gegen
564 3509 618 3562 alia
642 3509 872 3563 contessionellen
898 3508 1113 3576 uernularum,
1124 3514 1179 3562 und
1197 3510 1254 3564 will

173 3613 199 3650 tr
215 3605 287 3657 alien
312 3606 512 3658 confessionem
538 3606 645 3670 gleiebe
672 3605 775 3654 lieebte
802 3603 974 3669 eiurimuen,
993 3617 1024 3653 so
1043 3600 1124 3652 sollte
1143 3616 1173 3655 er
1191 3604 1254 3655 luein

111 3676 113 3681 ¹
171 3687 304 3749 interesse
329 3699 405 3747 mehr
431 3698 542 3763 wigen,
568 3698 615 3746 der
638 3695 823 3762 Verbrcituug
846 3697 893 3746 der
918 3697 997 3765 einen
1022 3693 1185 3746 confession
1210 3696 1257 3745 sut

164 3777 268 3840 Rosien
293 3791 340 3840 der
366 3791 466 3839 andern
494 3769 638 3837 Versabub
663 3802 697 3837 nn
720 3788 794 3836 tbuu.
819 3787 912 3838 Werm
936 3786 1009 3837 dieas
1039 3782 1203 3852 gleicbwobi
1227 3787 1254 3836 in

163 3877 266 3945 obigen
284 3878 503 3945 Verordnungen
531 3881 650 3929 sichtbar
668 3881 722 3943 ist,
742 3892 772 3927 so
792 3868 922 3930 istdiese
950 3877 1107 3953 sobeinbare
1126 3878 1255 3930 inconse-

156 3975 253 4025 ‘iueun
278 3987 329 4024 nur
348 3954 468 4022 dadureb
492 3986 526 4021 zu
544 3972 690 4033 eriiiren,
719 3972 782 4020 dass
801 3972 850 4023 der
876 3972 1082 4035 Laudesregent
1100 3969 1158 4020 bier
1178 3970 1253 4022 scin'e

148 4058 262 4126 eigene
282 4066 446 4118 confession
465 4063 491 4114 iu
511 4064 554 4114 dle
572 4059 740 4129 ngsobaia
759 4061 817 4128 legi
836 4063 891 4113 und
908 4063 977 4113 noch
996 4057 1093 4112 einmsi
1112 4063 1156 4112 die
1173 4063 1254 4112 lirin-

142 4157 273 4226 ¹ierung
296 4158 452 4220 anitsucirt,
476 4157 560 4206 deren
587 4156 645 4204 sich
669 4155 713 4204 die
740 4153 1027 4223 wirtembergiseben
1045 4153 1186 4220 Regenien
1210 4155 1253 4204 nie

134 4250 237 4300 &⁸112
253 4251 431 4315 entseiriagen
451 4229 578 4311 werden,
598 4248 661 4296 dass
680 4246 874 4313 Wiiriemberg
896 4247 972 4300 suine
991 4241 1132 4309 politissbe
1151 4243 1254 4298 selbst-

128 4326 331 4408 ‘accigunt
349 4343 397 4394 der
415 4340 598 4392 lietormntion
617 4352 650 4390 nn
670 4340 776 4394 danken
794 4338 866 4391 assu
895 4348 898 4355 ’
