2798 4838
257 403 338 466 Utut
359 412 462 467 autem
486 403 708 468 Ordinatiatus
734 411 989 471 Vrettstaus'eusts
1019 429 1076 472 sua
1107 431 1147 476 ex
1167 432 1220 495 par

153 518 188 573 ut
209 508 304 592 paulo
326 516 399 572 ante
423 511 578 586 diximus,
601 531 665 571 non
686 513 896 575 intermiserit
919 533 956 574 eo
980 534 1072 578 curas
1095 537 1171 580 suas
1203 540 1220 581 c

154 602 292 700 vertere,
314 621 349 678 ut
370 617 530 696 principia
552 614 719 678 Ecclesiae
742 617 929 681 Catholicae
950 621 1036 683 circa
1066 642 1135 684 rem
1164 624 1220 686 mir

153 743 221 786 runs
243 723 424 803 nuptiarum
446 731 594 784 accurate
615 728 797 786 serventur:
821 722 955 787 eundem
983 731 1087 789 tamen
1115 736 1195 810 post

151 850 225 891 num
249 832 340 890 1743.
363 846 425 907 quo
447 833 654 889 memoratam
685 827 727 890 ad
756 829 918 891 Paroehos
952 831 1197 897 [astructionem

113 952 116 957 ·
150 936 258 1013 misit,
281 925 383 1013 magis
406 935 608 995 conniventes
628 935 662 995 in
684 932 745 995 hac
767 936 919 1014 materia,
935 935 1044 999 studio
1064 938 1150 1001 forte
1165 962 1220 1021 par

149 1060 184 1104 se
206 1040 348 1122 gessisse
376 1037 426 1100 vel
454 1038 530 1100 inde
562 1046 714 1120 apparete
746 1040 849 1119 quod,
882 1039 957 1103 dum
987 1043 1176 1108 Briderieus
1206 1047 1220 1110 l

148 1144 386 1209 Concordatum
408 1163 490 1205 anno
514 1149 605 1206 1⁷50.
624 1142 749 1223 ederet,
772 1146 899 1224 praevie
919 1165 978 1227 per
999 1137 1076 1210 suos
1093 1150 1220 1215 Ministr

149 1249 383 1314 cancellarium
409 1249 527 1331 quippe
550 1249 658 1311 Status
682 1251 861 1329 Coceejuus,
885 1254 926 1313 et'
939 1248 1097 1316 comitem
1114 1261 1220 1319 Monet

147 1376 218 1420 cum
247 1355 412 1438 Episcopo
443 1353 691 1419 Vratislaviensi
730 1358 893 1435 negotium
929 1357 1037 1421 isthoc
1076 1360 1220 1425 contuler

147 1459 447 1541 concordatumquc
470 1465 545 1540 post
567 1466 705 1522 mutuam
736 1463 898 1542 praeviam
928 1461 1134 1527 coalitionem
1164 1466 1220 1548 pul

146 1568 213 1631 oarl
233 1551 358 1629 fecerit.

208 1670 229 1682 ¹*
247 1673 282 1734 ln
304 1669 421 1734 Silesla
443 1690 542 1752 porro
565 1669 599 1731 id
622 1674 783 1751 usuvenit,
807 1679 842 1733 ut
863 1671 1062 1753 dispensatio
1086 1675 1128 1736 ad
1160 1677 1220 1739 inor

148 1779 187 1842 da
208 1783 301 1841 rnatr.
323 1778 420 1838 mixta
435 1796 461 1837 *a
484 1775 567 1837 Sede
588 1776 778 1859 Apos-tolica
808 1777 895 1840 lraud
922 1785 1103 1859 peteretur,
1119 1781 1195 1869 ,sed

140 1883 205 1945 lem
228 1880 450 1944 Ordinariatus
474 1888 562 1942 motu
584 1883 714 1962 proprio
738 1881 944 1964 elargiretur:
968 1903 1030 1962 quo
1053 1905 1089 1946 ex
1112 1858 1220 1951 incidd

141 1987 406 2051 Benedictus
436 1986 538 2049 XlV.
561 1988 596 2047 in
618 1978 712 2049 Brevi
742 1988 785 2050 ad
813 1991 1010 2070 Episcopum
1034 1989 1220 2055 Vratislavlr

142 2091 359 2158 semdd.·12.
383 2092 472 2172 Sept.
497 2096 588 2154 1750.
612 2090 800 2155 declaravit:
824 2114 913 2173 „non
944 2113 1040 2174 posse
1063 2114 1098 2156 se
1130 2099 1220 2178 posit

140 2206 213 2263 actu
236 2197 435 2279 adprolmre,
458 2202 494 2258 ut
516 2195 770 2277 dispensationes
800 2199 1014 2261 concedantur
1042 2200 1128 2263 inter
1157 2202 1220 2267 lise

140 2307 243 2384 ticos,
266 2301 318 2366 vel
338 2304 421 2364 inter
443 2304 531 2383 ipsos
556 2307 586 2364 et
608 2303 805 2383 catholicos,
830 2305 887 2365 sed
909 2312 1065 2368 tamense
1088 2297 1220 2388 pessel

138 2415 357 2487 dissimulare,
380 2414 473 2486 atque
498 2409 663 2471 scientiam
685 2411 767 2472 hane
789 2431 879 2472 suam
903 2417 934 2472 et
962 2410 1167 2476 tolerantiam
1193 2434 1220 2479 st

137 2519 233 2579 ficere
256 2513 372 2576 debere
395 2513 436 2575 ad
458 2514 703 2576 assecurandam
719 2517 876 2595 Episcopi
895 2517 1146 2598 conscientiam,
1165 2538 1220 2599 qus

137 2607 312 2703 doquidem
333 2621 366 2681 in
389 2621 538 2698 materia,
563 2617 686 2698 deque
708 2623 832 2703 agitur,
855 2641 916 2682 non
948 2630 1095 2685 occurrat
1128 2644 1220 2707 oppos

137 2731 183 2792 tio
207 2748 278 2790 curn
299 2727 369 2789 iure
392 2724 499 2786 divino
522 2732 576 2787 aut
598 2724 758 2808 naturali,
780 2726 838 2787 sed
859 2727 1080 2789 tantummodo
1114 2751 1184 2792 enm
1208 2731 1220 2793 i

135 2855 171 2898 re
193 2831 435 2907 ecelesiastic03
468 2850 564 2909 seque
593 2832 635 2893 ad
662 2831 762 2913 pedes
800 2832 953 2892 crucifixi
983 2836 1149 2920 attestari,
1170 2835 1203 2898 ld

136 2942 229 3003 smine
260 2939 386 3010 facere,
418 2943 453 2998 ut
484 2943 612 2998 sanetae
642 2935 807 3018 Religioni
837 2949 966 2998 nostrae
996 2938 1111 3003 damna
1138 2942 1220 3004 maio

138 3043 324 3109 evitentur.”
352 3038 412 3114 ¹⁸⁹>

633 3137 669 3230 p.
698 3138 760 3208 ca.

131 3283 185 3341 ιιι
210 3273 437 3351 provinciis
464 3276 692 3334 Bonussiae
717 3275 929 3332 Polonteis
956 3275 1168 3347 principis
1188 3287 1220 3331 cr

131 3370 300 3430 tholtess‘
319 3369 459 3437 quoad
491 3369 624 3425 mixta
651 3369 862 3425 connubia
893 3383 970 3438 per
1002 3368 1220 3439 respective

304 3461 532 3516 Praesules
553 3460 718 3528 egregie
745 3460 1081 3517 sensumsensurn.

231 3582 337 3642 Donec
359 3578 540 3660 provinciae
562 3582 745 3655 Potenteue,
770 3598 849 3658 quae
872 3577 969 3637 hodie
1006 3582 1130 3654 partem
1160 3578 1220 3638 Mor

128 3688 256 3751 eretriae
287 3670 476 3745 Bonussicae
500 3683 643 3761 faciunt,
680 3685 738 3744 sub
759 3682 920 3744 dominatu
936 3680 1133 3744 Polonorum
1153 3702 1220 3745 eran

198 3872 265 3937 189)
284 3876 375 3925 Verba
392 3878 458 3926 haec
476 3874 618 3925 Benedicti
637 3875 727 3935 Papae
747 3875 835 3924 Pius
855 3873 902 3923 Vl.
923 3874 950 3922 in
965 3870 1052 3923 literis
1071 3875 1106 3922 ed
1123 3873 1220 3925 cardin

160 3967 213 4020 lem
230 3969 362 4028 AEppnm
380 3966 596 4016 mechliniensem
614 3967 652 4016 dc
666 3963 774 4017 tarel.
793 3965 872 4015 1782.
884 3965 946 4014 citat
957 3958 1005 4026 (ei.
1015 3958 1038 4026 i.
1059 3960 1135 4029 tn),
1153 3971 1182 4016 et
1199 3965 1220 4016 si

159 4072 309 4110 sermonem
336 4071 398 4107 esse
415 4059 447 4108 de
472 4057 721 4119 dispensationibus
739 4057 767 4106 in
790 4058 918 4123 gradihus
943 4053 1119 4120 perentelse,
1137 4056 1166 4106 in
1191 4070 1220 4117 qr

156 4152 206 4200 isus
226 4149 399 4211 dispensandi
425 4150 513 4210 pneris
533 4150 559 4198 in
578 4150 706 4199 Dioecesi
733 4148 946 4198 Vrstislsviensi
971 4149 1123 4198 invetersts
1145 4147 1220 4200 luerit

156 4249 184 4292 et
201 4239 365 4292 Benedictus
392 4240 466 4292 XIV.
485 4247 599 4292 montem
618 4254 693 4291 suem
712 4240 739 4291 in
758 4240 878 4292 terminis
899 4253 988 4292 meree
1016 4236 1180 4312 tolerantiae
1197 4254 1220 4292 er

157 4330 286 4397 posuerit.
