2798 4838
507 116 737 190 *188-

79 275 151 320 snum
171 257 411 323 constituerint.
441 258 569 325 Primus
600 262 655 326 bic
683 261 781 327 nobis
812 264 954 328 occurrit
982 261 1190 330 vicarius

73 362 348 446 apostolicus
370 364 750 433 Paderbornensls
771 369 1007 434 hammerse
1038 372 1095 455 qni
1114 368 1190 436 lite·

70 468 104 531 ris
125 467 340 535 circularibus
362 471 415 536 dd.
430 477 483 537 28.
503 474 578 537 llec.
597 480 689 538 1825.
712 476 868 539 Parochls
891 478 924 540 in
943 474 1107 561 sequelam
1128 497 1190 559 po·

67 573 193 638 sitarum
225 579 266 640 ab
296 578 348 641 his
378 583 601 662 quaestionum
631 580 826 663 peculiarem
857 585 942 647 circa
970 590 1062 646 matr.
1091 585 1191 647 mixta

65 677 146 745 dedit
175 683 431 749 instructionem.
464 687 498 749 ln
522 706 559 749 ea
582 687 849 768 quemadmodum
871 689 1035 754 Parochos
1066 688 1108 752 ad
1133 691 1191 752 ob·

61 786 206 868 sequium
230 791 364 855 Decreta
387 792 508 874 Regio,
537 799 692 875 quatenus
721 795 930 877 sponsionem
961 794 1000 858 de
1031 791 1191 860 catholica

61 890 251 959 educatione
281 896 420 979 prolium
450 900 623 982 a'sponsis
654 899 740 981 exigi
769 901 941 983 prohibet,
979 899 1191 965 exhibendum

56 1011 229 1080 provocat:
251 1005 298 1067 ita
320 1009 411 1084 parte
433 1006 473 1068 ab
495 1004 621 1085 altera,
645 1005 804 1087 siquidem
825 1005 915 1089 leges
937 1005 1105 1071 Ecclesiae
1127 1026 1192 1069 non

57 1113 162 1174 minus
194 1112 261 1173 vim
296 1110 462 1192 obligandi
492 1111 648 1192 habeant,
679 1112 811 1176 cosdem
831 1113 993 1195 parochos
1025 1111 1188 1193 admonet,

55 1216 328 1298 proclamationes
359 1223 393 1281 et
413 1216 646 1300 copulationem
676 1220 710 1280 in
738 1221 847 1282 mistls
867 1221 1081 1282 matrimoniis
1112 1226 1189 1281 tunc

56 1319 161 1386 solum
193 1323 322 1386 institui
350 1342 467 1404 posse,
504 1344 599 1406 quum
622 1325 754 1407 sponsi,
786 1323 875 1389 nulla
905 1325 1071 1388 coactione
1099 1324 1192 1388 adhi-

56 1430 140 1511 bita,
165 1425 274 1492 libere
295 1430 505 1511 promittunt,
528 1426 638 1509 proles
660 1432 828 1512 utriusque
852 1452 947 1495 sexus
972 1451 991 1494 a
1014 1450 1049 1494 se
1070 1431 1103 1493 in
1126 1431 1193 1493 Re·

58 1533 180 1618 ligiam
204 1534 375 1598 Catholica
399 1535 599 1612 educandas,
625 1542 657 1598 et
673 1542 797 1618 partem
819 1535 1009 1600 catholicam
1031 1538 1071 1599 ab
1089 1532 1191 1599 altera

66 1648 145 1720 parte
169 1643 205 1704 in
232 1642 384 1704 exercitio
414 1641 518 1704 cultus
551 1642 650 1704 divini
674 1642 827 1705 catholici
848 1644 978 1704 minime
999 1638 1191 1705 turbandam

65 1745 129 1810 lore
142 1744 223 1821 ⁸⁵⁰).
255 1745 405 1810 Vicarius
427 1748 702 1810 Paderhornensis
734 1749 853 1828 igitur,
882 1754 916 1809 ut
947 1751 1135 1810 econtextu
1159 1756 1191 1809 et

61 1856 121 1916 tote
144 1850 355 1921 circularium
378 1854 448 1916 eius
469 1851 635 1917 literarum
657 1862 769 1916 tenore
799 1874 836 1916 ac
858 1855 975 1937 spiritu
997 1852 1107 1916 videre
1130 1857 1193 1932 est,

60 1957 309 2042 dispositionem
332 1956 464 2022 codicis
488 1958 607 2022 Civilis
632 1966 664 2022 et
685 1960 790 2044 ipsius
812 1957 1047 2023 Declaratlonis
1069 1959 1192 2040 Regiae

61 2069 129 2130 anni
154 2071 252 2130 1808.
277 2064 316 2128 de
337 2066 408 2128 iure
429 2072 597 2146 parentum
626 2066 733 2158 quoad
764 2065 987 2129 educationem
1016 2064 1194 2146 religiona-

61 2175 138 2237 riam
170 2169 312 2255 prolium
337 2192 466 2234 suarum
498 2170 713 2235 amicabiliter
741 2173 826 2235 inter
856 2192 891 2235 se
921 2169 1128 2233 conveniendi
1160 2170 1194 2232 in

62 2277 146 2343 salvo
170 2276 309 2358 relicto,
333 2285 364 2341 et
385 2279 490 2358 ipsum
513 2279 684 2340 Decretum
706 2279 893 2341 anni1825.
916 2279 1090 2341 coactivam
1112 2274 1194 2340 dun-
1288 2342 1291 2345 Α
1371 2343 1378 2358 ἱ

10 2382 19 2455 l
63 2391 145 2449 taxat
167 2385 332 2467 arpensis
355 2384 550 2447 exactionem
572 2385 798 2464 promissionis
820 2403 918 2464 super
932 2381 1091 2446 catholica
1114 2379 1192 2444 edu-

10 2472 21 2621 ἶ
64 2493 187 2556 catione
207 2487 351 2572 prolium
372 2488 548 2572 prohibens
572 2510 642 2551 crim
664 2488 792 2570 legibus
809 2488 977 2552 Ecclesiae
994 2483 1192 2564 Catholicae,

10 2619 20 2681 ιζ
66 2618 140 2678 qnae
163 2602 258 2662 matr.
281 2598 379 2659 mixta
401 2596 529 2657 nonnisi
559 2596 592 2655 in
615 2615 691 2657 casn
714 2594 914 2656 educationis
946 2594 1086 2654 omnium
1114 2609 1193 2671 pro·

10 2690 13 2743 !
65 2702 139 2768 llum
171 2705 206 2767 in
228 2701 310 2766 Fide
343 2700 522 2763 orthodoxa
552 2700 679 2780 praevie
710 2700 889 2779 promissae
918 2695 1008 2760 licita
1040 2701 1193 2776 statuunt,

68 2808 233 2875 conciliari
256 2827 352 2887 posse
384 2808 590 2883 existimans,
622 2805 786 2866 Parochos
820 2824 895 2866 suos
926 2805 973 2866 sic
1000 2802 1131 2867 inviavit
1162 2808 1195 2865 et

68 2917 232 2996 instruxit,
255 2922 374 2977 utnon
398 2914 527 2994 quidem
551 2914 698 2992 exigant,
731 2908 834 2972 libere
857 2909 963 2972 datam
986 2916 1091 2972 tamen
1111 2908 1195 2971 reci·

68 3023 151 3104 piant
169 3023 374 3104 sponsionem
397 3039 496 3101 super
510 3017 697 3081 educatione
716 3015 857 3098 prolium
876 3014 1044 3078 catholica.
1074 3014 1195 3079 Verum

10 3165 16 3209 q
70 3131 104 3192 ab
119 3129 342 3191 instructione
373 3127 445 3187 anni
471 3128 562 3187 1825.
585 3122 741 3186 Vicariali
762 3124 908 3185 ‘recessit
936 3116 1084 3183 nonnihil
1114 3121 1196 3202 upi-

10 3218 16 3231 ⁵
71 3253 184 3316 scopus
206 3231 469 3296 Fridericns
494 3228 694 3291 Clemens
716 3226 1110 3303 BaroaLedebur‚
1141 3226 1196 3306 qui

71 3340 98 3401 in
117 3340 226 3403 literis
258 3337 300 3400 ad
321 3336 502 3399 Parochum
525 3336 705 3415 qnempiam
736 3338 788 3395 20.
807 3333 888 3394 Maii
913 3337 1004 3394 1827.
1029 3330 1113 3394 datis
1131 3323 1193 3404 ⁸1⁵¹)

32 3486 36 3495 ·
73 3442 339 3526 promulgationes
362 3445 531 3506 mixtarum
552 3442 733 3521 nuptiarum
758 3457 817 3518 pro
836 3457 873 3498 eo
898 3456 1023 3518 quoque
1046 3456 1121 3500 casu
1137 3433 1199 3498 ad-·

10 3528 12 3535 Ι
77 3555 179 3631 nisit,
209 3551 239 3613 si
269 3548 415 3612 educatio
445 3544 603 3611 catholica
635 3545 776 3607 omnium
797 3542 937 3624 prolium
958 3542 1087 3625 praevie
1116 3549 1194 3625 pro·

76 3661 162 3724 missa
185 3678 249 3720 non
265 3655 373 3718 inerit.
1064 3705 1066 3709 ,
1170 3661 1173 3665 ·

168 3767 205 3829 ln
236 3759 582 3828 Archidioecesi
619 3754 880 3820 coloniensi
918 3752 1029 3816 mitior
1063 3750 1196 3818 invaluit

83 3871 188 3947 praxis.
219 3869 300 3935 Nam
316 3887 354 3931 ex
370 3864 529 3950 epistola,
553 3884 645 3946 qnam
662 3861 813 3926 Vicarius
831 3858 998 3924 Generalis
1020 3861 1195 3943 Hfisgen

85 3968 316 3992 *nn—-

139 4017 207 4086 850)
225 4021 317 4072 Mon.
344 4016 408 4071 147.
426 4031 490 4082 pag.
514 4016 575 4067 174.
593 4043 629 4054 -
654 4012 816 4074 Aitoemec'oe
848 4012 1077 4072 Kircbeozeituao.
1100 4004 1190 4062 isso.

10 4230 18 4255 ι
112 4109 519 4269 1’.ἒδόῗξιῆΑιιὴιιίῖιιιιὸιιιιιιι
537 4199 634 4249 horici.
653 4198 882 4258 Kircbesseituoo.
896 4193 986 4248 1883.
1003 4207 1031 4251 ιι.
1050 4188 1135 4244 1194.
