2798 4838
585 294 814 367 ..503-

131 437 221 504 laedi
241 435 345 520 leg'em
366 436 622 520 religionariam,
646 443 720 523 quia
744 446 855 501 contro
877 435 1053 500 reversales
1075 456 1132 519 per
1154 438 1257 517 ipsam
1279 480 1283 484 -

131 545 239 629 legem
260 547 359 607 tacite
381 545 538 607 admissas
561 548 776 626 consurgitur.

239 654 312 713 419.
341 647 640 739 EiteudszreodteIeb
670 670 729 732 epp
757 653 788 714 c’
815 646 1010 728 Weszpre'mt
1050 645 1148 712 teinto'
1185 650 1264 711 1-so

132 752 259 834 capitio
279 748 380 820 1841.
402 759 550 819 tarcacott
568 753 737 836 kdzpysttds
764 750 972 817 athnimckort
1000 753 1158 819 besze‘dre.
1190 760 1263 817 Bc·
1364 748 1369 754 ’

133 858 212 924 dds.
229 865 331 923 1841.
360 868 565 942 argumenta,
594 863 685 940 queis
715 863 749 923 in
780 861 861 923 Gen.
886 863 1003 940 (longo.
1036 861 1126 923 Com.
1149 861 1261 923 Wess·

134 967 321 1049 primiensis
351 967 525 1029 necessitas
555 965 702 1029 absoluta
731 966 965 1029 benedictionis
995 965 1034 1027 ud
1063 966 1264 1030 validitatem

139 1072 337 1136 matrimonii
357 1081 556 1154 propugnata
577 1073 659 1154 fuit,
683 1070 813 1134 refellit.

243 1180 318 1240 42⁰.
351 1178 662 1241 Zimmermann
683 1179 836 1257 Jakab,
859 1197 971 1258 ceques
992 1176 1164 1257 bdzosoa'ys'
1193 1187 1266 1259 cipp.

116 1281 347 1350 ,sustossoria
362 1288 464 1345 1841.
488 1290 631 1348 Ννο.38.
655 1284 833 1359 Ecclesiam
857 1284 1056 1346 catholicam
1080 1285 1269 1366 denegando

139 1390 398 1453 benedictionem
420 1408 483 1450 non
506 1410 600 1470 agere
623 1390 796 1453 crudeliter
817 1393 850 1451 in
872 1410 1041 1470 personam
1063 1390 1268 1471 catholicam,

141 1515 215 1559 cum
238 1497 317 1556 haec
339 1497 410 1574 ipso
433 1494 538 1576 facto,
562 1517 624 1579 quo
646 1499 678 1558 in
703 1497 922 1557 educationem
953 1494 1163 1557 acatholicam
1193 1518 1269 1577 pro-

140 1602 224 1666 lium
255 1603 433 1684 consentit,
465 1600 540 1662 iidei
581 1605 763 1676 renunciet3
795 1622 853 1663 uec
890 1601 1056 1664 Praelatos
1087 1603 1270 1682 ilungariae

143 1729 203 1771 seu
232 1710 500 1787 inconsequenter
532 1710 658 1788 egisse,
687 1710 754 1769 sive
784 1727 899 1768 novum
927 1711 1050 1789 peccati
1083 1728 1181 1788 genus
1212 1729 1270 1788 pro

143 1813 264 1896 sponsa
287 1812 447 1874 catholica
469 1815 501 1874 in
525 1821 615 1876 matr.
630 1815 736 1875 mixtis
759 1814 917 1873 invexisse
941 1816 1019 1874 hene
1043 1813 1191 1893 deducit,
1215 1817 1273 1876 ha-

143 1923 216 1984 bita
250 1898 412 1981 'constanti
446 1920 617 1981 reflexione
655 1919 695 1980 ad
728 1919 966 1981 enunciatioues
997 1921 1028 1980 in
1059 1921 1273 1982 comitatibus

145 2033 279 2090 eatenus
300 2024 414 2086 factas.
527 2062 530 2070 ·

253 2134 325 2191 421.
355 2131 392 2191 A’
410 2148 522 2209 ceppes
542 2127 742 2209 bdzassdyob
764 2128 906 2209 potpdrt,
936 2128 1071 2208 epytdsa·
1080 2179 1089 2216 ,
1113 2130 1147 2194 e‘s
1168 2139 1274 2194 eridi-

145 2242 195 2302 css'
215 2234 436 2327 azemponfttil
456 2241 603 2298 tediatus.
636 2241 706 2316 Epy
726 2234 888 2312 bazufito't.
910 2241 1063 2315 Eperbeu.
1082 2245 1185 2300 1841.
1219 2242 1277 2300 tri-

150 2343 245 2425 plici,
268 2348 304 2402 ut
324 2340 439 2402 titulus
463 2341 607 2421 profert,
630 2358 668 2402 os
691 2344 802 2404 obtutu
831 2363 896 2404 rem
920 2352 1011 2405 matr.
1032 2345 1277 2406 mixtorumex-

152 2447 339 2531 pendendo,
369 2447 484 2507 infert:
519 2446 755 2528 legislationem
788 2447 914 2509 civilem
949 2470 1011 2510 non
1042 2452 1190 2528 potuisse
1219 2470 1277 2511 nec

151 2573 251 2635 posse
273 2573 410 2632 uuquam
433 2553 550 2630 iniis,
574 2572 653 2632 quae
673 2553 715 2613 ad
737 2554 905 2633 sphaeram
928 2554 1090 2614 eiushaud
1122 2562 1278 2634 spectant,

149 2658 259 2741 legem
281 2657 420 2742 aliquam
441 2657 689 2737 independenter
711 2660 749 2718 ab
772 2657 939 2718 Ecclesiae
954 2660 1118 2720 Potestate
1141 2659 1191 2721 vel
1208 2660 1279 2741 pla-

151 2787 195 2829 ne
217 2767 292 2827 huic
315 2766 497 2846 oppositam
515 2757 620 2825 ¹ferre:
645 2783 683 2823 ex
713 2762 827 2824 talium
850 2783 964 2842 genere
987 2784 1061 2825 vero
1085 2785 1156 2827 esse
1184 2767 1282 2827 hene-

154 2873 330 2934 dictionem
359 2871 527 2933 connubiis
556 2870 662 2931 mixtis
690 2869 935 2950 impertiendam
972 2869 1022 2931 sel
1051 2869 1282 2952 denegandam,

155 2979 199 3041 de
221 2998 282 3059 qua
304 2977 476 3051 decernere
499 2973 568 3036 sola
591 2975 697 3056 possit
717 2973 948 3042 Ecclesiastico
970 2977 1170 3040 Jurisdictio.

260 3088 334 3146 422.
366 3080 521 3163 Scalay
550 3082 676 3159 liure,
704 3077 914 3142 c'szreue'tctels
943 3087 972 3142 a'
991 3102 1102 3160 oepycs
1122 3081 1283 3146 bunnensi·

155 3185 276 3271 poisro't.
302 3185 555 3267 Weszprdmbeu.
577 3192 680 3249 1841.
712 3205 792 3266 opus
823 3188 907 3247 inter
929 3207 983 3266 ea,
1015 3208 1093 3269 quae
1118 3191 1150 3251 in
1174 3192 1283 3254 Patria

159 3303 271 3358 nostra
300 3294 340 3355 de
370 3294 651 3374 hoc'argumento
679 3291 783 3355 lucem
812 3293 1285 3376 adspexerunt,›lacile-prin-

161 3422 259 3480 ceps:
286 3402 323 3462 in
347 3419 409 3480 quo
431 3400 635 3460 doctisssimu
664 3401 785 3460 Auctor
815 3408 1020 3478 asgrsmenta,
1052 3421 1132 3478 quae
1163 3405 1195 3463 in
1227 3422 1286 3481 pu·

160 3506 257 3570 blicis
280 3506 512 3583 comitatuum,
545 3503 953 3583 cumprimis.Zaladiensis
975 3526 1012 3566 ac
1039 3507 1288 3586 Weszprimien-

162 3614 230 3695 sis',
252 3611 467 3672 (innuentibus
498 3616 609 3671 contra
641 3609 870 3690 dispositiones
893 3609 1081 3671 Praesulum
1104 3613 1206 3692 Regni
1231 3614 1288 3674 ob·

163 3723 235 3782 tutu
256 3715 394 3778 violatae
415 3715 498 3796 legis
519 3713 623 3776 civilis
653 3697 894 3794 promebantur,
925 3713 1029 3776 solide
1061 3717 1229 3778 refutavitz
1258 3727 1292 3780 et

163 3828 200 3887 in
222 3828 306 3885 notis
327 3822 367 3882 de
389 3812 546 3884 relatione
568 3824 703 3902 genuina
730 3821 815 3880 inter
836 3819 1014 3882 Ecclesiam
1043 3810 1088 3882 ac¹
1103 3823 1291 3905 itempubli=

166 3951 256 4006 mm,
280 3928 319 3990 de
340 3938 404 3989 una
426 3934 459 3988 et
479 3924 653 3989 sols-Fide
676 3924 836 4005 salvifica,
869 3926 908 3987 de
930 3928 1123 3990 necessitate
1151 3949 1293 3992 commu·
1351 3970 1353 3974 ι

166 4037 274 4099 niunis
298 4031 542 4096 catholicorum
562 4053 633 4095 cunr
655 4034 799 4094 Romano
823 4033 980 4094 Pontifice
995 4031 1107 4095 -multa
1129 4032 1293 4115 praeclare

104 4208 110 4219 ,
168 4141 349 4225 proposuit.
1031 4132 1034 4136 ’

273 4244 713 4309 sss-425.1n1.iteratura
748 4245 852 4325 patria
879 4245 1056 4325 praeterire
1086 4266 1160 4315 non,
1182 4264 1298 4331 possu·
1347 4259 1349 4262 ⁴

172 4373 244 4417 mus
265 4358 334 4415 tres
356 4352 503 4434 egregios
527 4348 698 4429 articulos,
731 4351 786 4431 qui
810 4369 908 4432 super
928 4357 1114 4431 argumento
1138 4350 1298 4433 quaestio·
1360 4405 1362 4411 ,

1019 4459 1101 4530 se,
1175 4517 1177 4521 ,
