2798 4838
135 226 179 289 lV

136 348 315 452 aprimis
343 348 611 427 connubiorum
639 346 767 424 horum
793 347 910 427 initiis
937 375 1057 452 nsque
1084 353 1132 430 ad
1161 379 1267 459 prae-

134 461 279 530 sentem
300 449 398 529 diem
426 452 530 530 eirca
547 452 804 550 quaestionem
822 452 930 528 istam
949 479 1168 556 quocunque
1197 461 1266 536 sub

135 563 317 657 respectu
344 561 472 630 notatu
509 552 661 653 dignum
689 554 724 627 in
753 554 844 632 orbe
880 553 1080 635 Catholico
1116 561 1266 663 evenit,

132 658 329 758 signanter
356 665 478 734 autem
513 655 627 756 leges
660 684 682 731 a
716 656 957 761 Principibus
994 659 1180 739 Civilibus
1215 664 1268 740 la·

84 758 86 763 ’
131 768 214 854 tas,
240 758 520 862 Episcopcrum
553 758 865 854 constitutiones,
891 761 1062 839 Decreta
1093 765 1268 868 Synoda-

130 863 201 964 lia,
231 872 270 940 et
290 862 460 941 Sanctae
481 860 601 940 Sedis
628 862 881 963 Apostolicae
910 863 1154 966 decisiones,
1182 894 1267 972 pro-

130 973 302 1069 poneret.
331 964 552 1040 Universali
580 964 762 1039 historiae
790 965 968 1063 subjunxi
1001 970 1265 1069 particularem

132 1066 256 1169 quoad
299 1065 548 1167 Hungariam,
586 1066 933 1160 Transsilraniam,
978 1077 1018 1145 et
1052 1071 1265 1149 Austriam:

130 1194 226 1272 quae
263 1170 399 1273 quippe
436 1169 664 1271 peculiarem
702 1171 1033 1270 pertractationem
1060 1175 1184 1249 multis
1215 1200 1267 1253 ex

131 1272 323 1351 obtutibus
351 1272 482 1348 merito
511 1272 582 1347 sibi
599 1270 779 1351 vindicat.
811 1268 904 1348 Cum
932 1283 1054 1350 autem
1081 1277 1168 1351 mihi
1194 1286 1267 1354 tam

130 1376 311 1475 Regium,
339 1400 443 1475 qnam
468 1372 706 1467 Primatiale,
736 1374 882 1472 aliaque
917 1374 1164 1453 llioecesaua
1191 1380 1267 1456 Ta-

131 1477 278 1555 bularia
294 1476 489 1579 inspicere
517 1476 684 1553 licuerit:
711 1476 823 1550 multa
850 1476 972 1577 magni
1001 1481 1174 1556 momenti
1202 1481 1267 1559 do-

131 1589 305 1658 cumenta
329 1604 375 1656 ac
409 1587 643 1656 monumenta
668 1579 707 1653 in
734 1603 842 1654 usum
886 1580 1065 1657 converti.
1105 1581 1264 1660 Univer-

130 1709 212 1759 sum
237 1705 332 1760 vero
353 1706 449 1785 opus
467 1682 504 1757 iu
525 1681 620 1757 dnos
638 1682 780 1759 Tomos
807 1680 860 1756 ita
887 1681 1024 1777 divisi,
1053 1690 1093 1760 ut
1125 1685 1265 1787 primus

129 1785 324 1863 historiam
352 1784 660 1861 matrimoniorum
683 1784 879 1858 mixtorum
905 1784 1002 1863 inter·
1042 1783 1267 1866 Catholicos

130 1898 171 1968 et
188 1890 456 1965 Protestantes
485 1898 556 1962 tarn
580 1886 837 1962 universalem
864 1885 984 1986 quoad
1003 1889 1125 1965 omnia
1153 1889 1267 1966 Orbis

131 1988 323 2071 Catholici
350 1990 483 2090 Regna
510 2014 556 2066 ac
589 1989 835 2081 Provincias,
862 1989 899 2063 in
937 1990 1070 2089 quibus
1099 1990 1267 2069 nimirum

131 2091 323 2173 Catholici
367 2093 673 2168 Protestarrtibns
709 2090 915 2167 intermixti
964 2093 1120 2193 degunt,
1162 2122 1269 2199 qnam

130 2197 393 2300 particularem
430 2194 478 2270 de
520 2193 736 2294 Hungaria,
772 2193 1082 2292 Traussilvania‚
1110 2205 1149 2275 et
1189 2198 1268 2275 Au·

129 2299 242 2390 stria3
280 2295 473 2376 secundus
511 2298 755 2373 Monumenta
788 2293 838 2370 ad
865 2294 1057 2374 historiam
1093 2309 1267 2401 spectan-

130 2402 184 2491 tia
219 2401 547 2503 complecteretur.
583 2402 660 2479 Pro
706 2396 969 2479 commoditate
1011 2401 1194 2479 lectorum
1229 2403 1266 2477 in

68 2533 74 2547 ‘
129 2504 252 2582 'Pomo
288 2504 405 2607 primo
438 2503 574 2604 ubique
612 2509 790 2580 accurate
825 2501 1038 2579 adnotatum
1074 2512 1153 2597 est,
1195 2529 1266 2606 quo

130 2607 219 2685 loco
247 2603 557 2707 correspondens
576 2607 853 2682 Monumentum
878 2604 916 2679 in
944 2605 1066 2680 'l'omo
1095 2605 1266 2683 secundo

131 2709 384 2813 quaerendum
412 2708 473 2782 sit.
493 2707 668 2807 Denique
695 2707 744 2782 ad
771 2707 916 2784 calcem
943 2707 1147 2785 cuiuslibet
1163 2708 1268 2810 Epo-

132 2812 227 2891 chae
255 2815 524 2891 Literntnram
551 2809 700 2903 addidi,
728 2817 787 2907 et,
815 2817 854 2883 ut
881 2834 1017 2912 spero,
1045 2812 1192 2909 plenam
1218 2809 1268 2887 dc

132 2916 356 3019 quaestione
383 2914 455 2990 bac
482 2914 674 2991 historiam
691 2910 913 3004 literariam,
942 2911 1268 3014 quadringentos,

134 3026 174 3098 et
207 3018 304 3094 ultra
339 3018 531 3094 Auctores
567 3023 849 3107 recensentem,
884 3015 1108 3114 conspectui
1143 3015 1266 3092 lecto-

134 3147 213 3197 rum
241 3119 406 3198 exhibui.
448 3120 657 3223 Superest,
686 3125 724 3190 nt
751 3113 856 3189 Viris
873 3113 951 3188 illis
979 3114 1149 3216 eximiis,
1169 3142 1266 3195 sum·

136 3248 269 3325 meque
306 3219 497 3318 colendis,
534 3223 594 3321 qui
629 3216 807 3317 Regium,
844 3216 1083 3314 Primatiale,
1118 3220 1267 3320 aliaque

136 3326 383 3404 Dioecesana
425 3322 631 3400 Tabularia
672 3318 758 3395 mihi
799 3319 1058 3420 inspicienda,
1087 3348 1171 3397 rara
1199 3324 1263 3401 be·

137 3428 338 3529 nignitate,
381 3426 636 3519 indulserunt,
663 3428 868 3526 perpetuae
915 3422 1154 3521 gratitudinis
1189 3425 1268 3503 vin·

142 3533 228 3611 culo
256 3556 313 3610 me
349 3530 569 3609 obstrictum
595 3527 728 3603 lubens
770 3523 958 3627 profitear.

175 3772 313 3909 ,offiano
341 3772 495 3858 m
527 3762 713 3855 Zamae
735 3791 833 3849 aare.

973 3971 1182 4108 adada
