2798 4838
597 265 827 339 -soaq

637 551 673 646 §-
700 551 787 623 ιιι.

141 692 323 750 nivem
340 691 533 762 projesta
549 695 591 748 et
605 670 920 765 propositiones
932 688 1125 749 statuum
1137 667 1276 769 Rem

158 784 277 841 cir-eo
300 783 501 842 meritum
518 782 673 842 rnixtoe
691 783 914 854 religionis
933 766 1256 895 connubiorum.

250 1006 372 1068 Merito
395 1005 582 1088 religionis,
607 1013 639 1070 et
661 998 825 1091 signanter
846 1012 965 1090 puncto
990 1026 1113 1088 quoque
1136 1005 1176 1069 de
1206 1010 1274 1069 ma-

145 1113 309 1174 trimoniis
333 1112 473 1193 disparis
495 1111 663 1192 religionis
686 1114 719 1174 in
741 1115 1027 1195 pertractationem
1045 1108 1201 1176 Dietalem
1221 1133 1273 1176 as·

142 1224 273 1294 sumto,
304 1217 431 1279 diversa
463 1238 520 1300 per
550 1218 659 1280 Status
689 1225 721 1281 et
759 1219 896 1282 Ordines
934 1219 1039 1300 Regni
1070 1220 1223 1307 projecta·
1242 1225 1274 1281 et

141 1322 404 1404 propositienes,
428 1326 566 1397 maxime¹
581 1325 669 1410 quod
698 1332 747 1396 est
775 1324 814 1386 ad
848 1324 1068 1387 educationem
1097 1323 1274 1407 religiona-

141 1409 226 1490 riam
247 1427 390 1508 prolium
414 1449 451 1490 ex
474 1430 629 1492 eiusmodi
663 1432 820 1513 coniugiis
851 1429 1100 1515 gignendarum,
1130 1432 1273 1493 subster-

141 1535 310 1599 nebantur.
352 1526 500 1596 Status
540 1535 897 1618 Evangelicorum
932 1538 965 1597 in
996 1536 1158 1620 proiecto,
1186 1537 1273 1598 iuxta

139 1639 231 1722 quod
258 1641 328 1701 iura
358 1638 587 1721 libertatesque
615 1645 817 1724 Augustanae
840 1648 872 1703 et
894 1640 1078 1702 Helveticae
1098 1640 1192 1703 Conf.
1214 1640 1273 1735 ad-

140 1744 303 1807 dictorum
317 1743 483 1834 declarari
506 1746 671 1828 Regioque
694 1747 868 1826 Diplomati
889 1747 985 1808 inferi
1009 1744 1211 1827 postulabat,
1231 1746 1272 1809 do

140 1856 237 1913 matr.
259 1852 367 1937 mixtis
391 1852 581 1933 proposuit:
606 1861 640 1914 ut
670 1853 779 1934 proles
811 1874 849 1915 ex
879 1851 998 1936 talibus
1027 1853 1185 1933 coniugiis
1216 1873 1272 1934 ge-

137 1946 352 2036 nitae'usque
376 1977 476 2018 annos
500 1956 704 2020 discretionis
726 1961 758 2019 in
783 1978 818 2021 ea
840 1958 997 2038 religione
1008 1944 1167 2038 ,''de·qua
1186 1959 1273 2020 inter

139 2063 253 2123 ambos
276 2068 425 2140 parentes
449 2065 614 2145 convenit,
640 2084 732 2126 secus
755 2072 860 2126 autem
880 2082 937 2144 pro
962 2045 1147 2125 diversitate
1164 2054 1271 2144 sexus,

136 2167 171 2228 in
203 2166 360 2246 religione
400 2177 568 2249 parentum
607 2169 802 2248 educentun3
831 2177 906 2253 post
934 2189 1033 2232 annos
1062 2169 1271 2232 discretionis

140 2292 218 2333 vero
242 2272 432 2352 religionem
454 2273 556 2345 libere
579 2274 697 2358 eligere
719 2275 844 2338 valeant
868 2272 942 2348 ⁹⁸²).
963 2307 1004 2319 —-
1024 2274 1177 2337 Status
1200 2276 1270 2337 (la-

131 2376 416 2440 tliolicorum
438 2383 523 2444 eirca
555 2382 737 2444 iudicatum
770 2400 937 2445 causarum
968 2378 1271 2467 matrimonialium,

139 2483 218 2544 dum
250 2485 452 2548 matrimonia
485 2490 654 2549 occasione
697 2487 911 2570 superlationis
938 2484 1029 2549 iam
1033 2482 1124 2567 erant
1145 2488 1270 2596 mixta,

138 2588 276 2651 eundem
305 2589 437 2652 sedibus
478 2592 698 2674 spiritualibus
739 2595 973 2689 Episcoporum
1011 2573 1154 2671 deferrl3
1164 2573 1268 2681 circa

130 2692 254 2776 proles
277 2715 352 2768 vero
374 2696 408 2757 id
430 2699 638 2780 projectavit.
661 2704 696 2759 ut
725 2717 779 2760 eae
808 2701 927 2778 absque
958 2688 1052 2759 sexus
1077 2695 1269 2787 discrimine

140 2801 177 2863 in
202 2800 282 2862 Fide
305 2801 472 2864 catholica
502 2803 696 2882 educentur,
727 2805 904 2882 mixtaeque
934 2801 1061 2880 nuptiae
1093 2772 1192 2879 baud
1200 2801 1269 2869 alt-

138 2913 213 2984 ter,
238 2926 329 2986 quam
351 2926 448 2988 penes
472 2907 661 2971 Reversales
683 2930 701 2970 a
723 2917 813 2990 parte
835 2906 1013 2973 acatholica
1037 2905 1159 2969 dandas
1189 2928 1267 2971 con·
1296 2969 1300 2976 f

136 3013 227 3074 trabi
258 3011 485 3094 indulgeantur
518 3013 591 3087 ⁹⁸³).
623 3047 661 3060 —-
702 2995 938 3097 Deputatio
981 3033 1079 3096 porro
1111 3012 1268 3096 Mixto,

136 3119 193 3180 cui
215 3116 385 3180 articulum
417 3120 456 3183 de
486 3123 635 3182 universo
664 3123 795 3202 negotio
826 3118 1268 3202 Religionis-<meandum

138 3225 251 3286 Status
274 3227 522 3307 commiserunt,
544 3227 765 3291 educationem
794 3227 935 3308 prolium
965 3223 1209 3305 religionariam
1232 3229 1267 3291 in

136 3331 300 3410 coniugiis
331 3333 439 3393 mistis
470 3335 557 3396 iuxta
595 3319 722 3396 serumx
740 3336 784 3396 ita
817 3333 920 3414 dirigi
951 3334 1103 3414 optabat,
1119 3339 1186 3395 stet·
1206 3332 1268 3396 tilii

139 3436 264 3516 patris,
287 3435 373 3497 tiliae
403 3441 514 3500 matris
542 3437 732 3519 religionem
763 3438 1022 3521 amplectantur,
1044 3437 1132 3500 salvo
1162 3445 1266 3502 ιιιιιιιι
1349 3465 1352 3473 “

136 3548 306 3602 contractu
327 3542 413 3603 inter
435 3545 585 3623 coniuges
607 3543 709 3606 libere
731 3543 888 3619 ineundo;
911 3564 1023 3605 causas
1045 3550 1166 3605 autem
1173 3551 1265 3606 matr

137 3646 327 3727 mixtorum,
352 3667 431 3726 quae
453 3649 516 3709 iam
537 3657 681 3730 tempore
712 3649 927 3730 copulationis
957 3647 1035 3711 talia
1067 3654 1180 3726 orante
1206 3649 1266 3710 Se-

137 3751 235 3813 dibus
259 3751 435 3814 Catbolicis
459 3754 685 3834 Spiritualibus
716 3755 889 3817 secundum
918 3753 1102 3836 principia¹
1106 3753 1265 3817 catholica

137 3855 381 3933 diiudicandas,
401 3857 533 3921 illorum
566 3881 657 3938 vero,
688 3880 768 3941 quae
796 3862 899 3943 primo
931 3878 988 3940 per
1017 3859 1186 3921 transitum
1217 3859 1265 3923 al-

135 3963 290 4024 terutrius
312 3965 414 4045 partis
438 3967 608 4046 coniugum
629 3966 669 4030 ad
693 3967 791 4029 Sacra
822 3964 990 4029 Catboliea
1022 3959 1121 4028 mixta
1156 3984 1264 4029 evase-

136 4132 385 4148 Μ

208 4213 275 4281 982)
295 4221 324 4270 Iti
334 4235 349 4270 o
360 4235 386 4271 ιι.
405 4221 465 4271 321.
485 4237 545 4288 pag.
571 4222 631 4274 576.

209 4306 277 4375 983)
296 4313 383 4364 bion.
402 4313 462 4364 322.
481 4327 543 4380 pag.
563 4312 623 4367 576.
