2798 4838
584 271 813 346 -259-

131 419 230 501 33331
253 417 476 498 1333333313,
499 425 531 480 et
553 418 788 499 Episcoporum
804 417 1070 483 Mouasterieusis
1092 439 1129 483 uc
1144 417 1264 482 Puder-

133 525 308 587 bornensis
339 543 375 586 ea
403 522 577 587 intercedit
607 522 809 604 differentia,
839 523 926 606 quod
947 525 1128 608 Episcopus
1151 524 1265 587 Trevi-

132 630 249 692 tensis.
263 625 368 691 solum
390 630 424 691 in
445 648 562 711 genere
585 628 625 690 de
647 628 837 708 quibusdam
858 627 1003 711 politicis
1034 630 1184 711 loquatur
1204 632 1266 694 im·
1342 697 1343 703 ἵ

135 732 351 818 pedimentis,
383 754 465 816 quae
495 732 784 815 promulgationem
804 737 915 798 Brevis
944 737 1204 820 remorabantur,
1234 741 1267 799 et

136 861 199 903 non
223 840 443 921 admiserunt,
473 847 509 902 ut
530 842 688 903 sententia
710 841 821 904 lireris
849 861 886 904 ac
907 842 1131 903 instructionis
1154 842 1267 905 Ponti·

139 949 230 1010 iiciae
253 949 287 1008 in
311 948 458 1009 omnibus
482 948 609 1008 casibus
631 965 742 1026 presse
763 947 965 1022 observetur3
995 945 1059 1009 duo
1083 953 1189 1010 autem
1215 967 1267 1011 re-

140 1053 219 1136 liqui
240 1055 422 1138 Episcopi,
452 1072 489 1114 ac
510 1053 702 1134 praeprimis
724 1053 990 1116 Mouasterieusis
1019 1053 1138 1131 fusius}
1151 1055 1185 1115 in
1207 1052 1266 1116 ad·
1304 1080 1306 1082 ·

141 1163 245 1222 iuncta
277 1167 309 1220 et
338 1157 565 1240 impedimenta
597 1158 815 1219 executionem
843 1160 955 1232 Brevis
985 1158 1182 1222 retardantia
1213 1178 1267 1238 ex-

87 1269 91 1274 ’
143 1270 269 1328 currant
291 1268 324 1326 et
339 1262 422 1326 ultro
446 1265 677 1326 confiteantura
699 1261 989 1344 promulgationem
1005 1265 1116 1326 Brevis
1137 1271 1269 1348 propter

73 1365 80 1478 ’ἱ
142 1376 360 1451 pravissimam
380 1373 577 1433 matrimonii
596 1373 692 1430 micci
713 1373 990 1446 reprehensionem
1020 1371 1054 1432 in
1077 1390 1115 1433 eo
1138 1376 1268 1432 conten·
1357 1446 1362 1453 ,

73 1492 75 1562 j
144 1484 201 1540 tam
227 1497 246 1539 a
269 1475 438 1556 Regimine
460 1493 645 1557 suspensam
666 1474 791 1554 fuisse,
821 1479 853 1536 et
873 1476 993 1557 Regem
1023 1474 1064 1537 ad
1087 1496 1200 1538 sensus
1223 1477 1269 1538 ci-

73 1570 78 1653 l
144 1586 222 1645 rium
246 1579 500 1644 acatholicorum
514 1620 518 1632 ι
532 1601 595 1643 333
617 1578 782 1643 attendere
810 1600 875 1642 non
897 1582 1055 1661 potuisse.
1086 1583 1269 1663 Episcopus

80 1658 91 1679 ⁹
145 1691 272 1769 heuper
302 1686 571 1749 Mouasterieusis
602 1683 688 1747 clare
718 1685 842 1747 innuit:
881 1691 954 1748 ante
980 1684 1271 1767 promulgationem
1369 1725 1381 1746 a

96 1840 99 1845 -
146 1796 251 1858 Brevis
275 1791 429 1872 quaedam
452 1792 537 1853 inter
553 1792 761 1874 Episcopus,
776 1796 808 1851 et
826 1810 898 1853 cum
914 1792 975 1871 lis,
997 1794 1094 1874 penes
1118 1811 1197 1873 quos
1220 1801 1271 1858 est

96 1918 100 1927 ¹
147 1921 247 1963 rerum
270 1896 412 1961 civilium
434 1917 575 1975 summa,
594 1907 689 1976 pacta
710 1895 789 1957 inita
812 1915 902 1977 esse,
933 1917 994 1960 nec
1015 1897 1052 1959 id
1072 1896 1168 1960 aliter
1197 1900 1270 1962 lieri
1312 1900 1313 1903 ’

149 2007 307 2088 potuisse,
339 2003 462 2084 Regem
494 2021 618 2084 quoque
648 2001 791 2062 vicissim
822 1994 1036 2085 spopondisse
1058 2000 1271 2067 sublationem

152 2114 280 2191 abusus,
302 2109 507 2172 matrimonia
529 2127 635 2171 coram
657 2107 852 2188 Magistratu
874 2106 972 2171 civili
995 2095 1217 2191 contrahendi,
1240 2117 1273 2174 et
1366 2107 1369 2117 ’

73 2277 75 2280 ,
154 2238 254 2281 causas
277 2210 530 2280 matrimoniales
552 2233 659 2276 coram
678 2214 766 2276 Foro
790 2210 938 2279 Seculari
968 2215 1171 2279 discutiendi.
1207 2218 1272 2280 De-

155 2325 237 2405 nique
268 2327 334 2384 tam
355 2319 643 2399 Mouasterieusis‚
676 2338 770 2399 quam
798 2318 1075 2384 Paderhornensis
1107 2341 1163 2401 ea,
1190 2342 1273 2403 quaa

157 2425 185 2490 de
204 2430 422 2491 inctructione
444 2430 625 2488 cardinalia
645 2426 762 2487 Albani
780 2423 843 2499 ³⁰⁰)
873 2446 1047 2508 suppressa
1074 2426 1126 2490 vel
1147 2427 1274 2493 adulte·

158 2541 233 2615 rata,
265 2539 298 2596 et
321 2532 361 2595 de
384 2528 448 2593 alia
469 2538 600 2594 auctore
629 2531 666 2592 (i.
689 2527 821 2611 Spiegel
850 2531 1051 2615 A.Episcopo
1084 2532 1274 2599 Coloniensi

161 2639 249 2702 eidem
270 2639 440 2721 supposita
471 2638 506 2699 in
528 2635 642 2718 vulgus
664 2637 915 2717 spargebantur,
946 2637 988 2699 ad
1016 2647 1193 2702 commenta
1223 2661 1275 2704 re-

161 2742 299 2808 iecerunt.

228 2853 282 2914 ‘ln
305 2845 535 2912 concinnandis
556 2846 609 2910 hin
630 2843 842 2909 relationibus
864 2839 1055 2928 praecipuas
1076 2854 1187 2930 partes
1216 2850 1276 2916 ha·
1372 2848 1375 2855 ’

115 2958 118 2969 “
163 2953 218 3019 buit
246 2956 463 3019 Ministerium
493 2953 648 3035 Regium,
687 2951 773 3032 quod
811 2952 844 3012 in
873 2957 983 3016 mutua
1020 2974 1092 3016 cum
1120 2955 1275 3022 Ministro

165 3058 269 3127 Itomae
300 3060 464 3125 residente
493 3062 623 3122 Bunsen
654 3055 927 3139 cointelligentia,
960 3078 1059 3140 opera
1091 3060 1279 3128 consiliarii

164 3170 358 3247 Schmadda'ag
369 3165 432 3240 501)
455 3173 570 3246 utens,
592 3171 660 3226 tum
682 3163 724 3226 ad
744 3163 921 3227 exarandas
945 3163 1120 3229 relationes
1138 3168 1279 3250 Episco-

165 3288 211 3348 pus
239 3276 413 3338 Rhenanus
443 3272 623 3353 permovit,
653 3279 721 3332 tum
753 3271 856 3351 ipsam
883 3291 1026 3334 normam
1056 3276 1280 3362 praescripsit,
1318 3291 1322 3297 ’

166 3393 212 3455 qua
231 3379 407 3445 relationes
428 3377 505 3441 11133
528 3379 711 3442 concinnari
732 3376 870 3442 debeant
889 3375 967 3451 ⁵⁰²).
998 3379 1119 3442 lntuitu
1135 3379 1273 3463 Episco-

165 3516 398 3542 sun-n·—

221 3613 289 3680 600)
309 3619 348 3666 31.
364 3610 387 3679 5.
406 3614 466 3666 1³0.

222 3704 290 3772 501)
311 3711 345 3758 cf.
365 3701 388 3769 d.
407 3705 469 3758 108.
488 3710 515 3756 et
534 3703 595 3756 133.

222 3797 291 3862 502)
309 3799 415 3861 Operae
441 3797 558 3859 pretium
574 3809 637 3846 3333
654 3794 817 3859 iudicamus,
835 3796 910 3857 ipsas
925 3795 1018 3846 literas
1043 3795 1190 3849 Ministerii
1203 3799 1286 3867 liegii

115 3876 118 3885 <
183 3892 407 3955 communicare,
424 3890 453 3940 in
473 3889 570 3949 quihus
596 3887 741 3937 instructio
760 3901 809 3948 pro
830 3887 934 3939 consil.
960 3889 1143 3955 Schmeddiug
1161 3892 1283 3944 contina·

181 3990 251 4038 tur:
277 3985 355 4049 „Zur
388 3981 551 4045 Verhiituug
578 3981 653 4030 eines
678 3975 838 4030 idrmlicben
872 3979 995 4030 Bruches
1016 3983 1071 4030 und
1103 3980 1283 4050 Hersteilung

178 4082 239 4130 sies
267 4082 353 4143 guteu
380 4075 568 4125 Veruehmeus
595 4071 665 4123 wird
692 4073 735 4123 hir
761 4071 942 4123 nueriiisslich
974 4069 1116 4138 gebeima,
1144 4077 1208 4125 dass
1235 4077 1284 4127 der

172 4145 263 4221 ¹llerr
288 4167 452 4218 Erabischoi
481 4179 537 4215 von
563 4163 635 4215 Kdlu
662 4168 718 4215 und
744 4165 788 4216 die
813 4161 923 4214 Herreri
954 4163 1082 4214 Biscbdie
1108 4179 1163 4216 von
1190 4168 1285 4233 Trier,

185 4261 320 4312 ltihnstcr
345 4261 404 4311 'und
432 4242 587 4308 Puderboru
611 4271 645 4306 au
670 4259 723 4308 deu
750 4257 836 4318 Papst
862 4256 1023 4317 schreiheu,
1048 4270 1093 4307 um
1119 4259 1178 4308 sein
1204 4261 1288 4309 durch

183 4351 283 4421 irriga
296 4350 477 4406 Naohriobteu
489 4351 545 4403 und
558 4351 681 4401 boshaitc
699 4347 896 4416 zutriigereien
914 4351 1090 4413 autgcregtos
1109 4347 1225 4404 domith
1242 4366 1288 4403 wo

1008 4441 1046 4474 re
1067 4436 1088 4474 3
