2798 4838
93 176 99 327 l
551 260 779 333 ..ιιι-

96 488 98 493 ¹
141 404 203 487 leges
222 403 388 470 Ecclesiae
411 406 515 488 quoad
538 406 738 469 matrimonia
761 406 857 470 mista
880 412 986 469 erecte
1018 409 1228 471 observaban-

137 520 187 592 tur,
205 531 263 575 nec
284 509 382 575 aliter
405 531 441 573 eu
463 511 601 575 admissa
620 511 775 595 legimus,
792 514 1061 594 qrram'praestita
1081 533 1141 595 per
1157 534 1231 597 par-

134 626 178 705 tem
204 618 398 681 haereticam
429 619 576 680 cautione
607 617 646 680 de
676 637 739 680 non
770 616 979 699 pervertendo
1014 621 1150 700 coniuge
1179 641 1232 684 ca·

131 722 253 803 tlolico,
277 732 310 785 et
332 721 425 805 prole
447 725 612 803 utriusque
634 743 728 786 sexus
750 725 783 785 in
806 723 887 786 Fide
903 721 1072 785 Catholica
1096 725 1229 788 educau-

131 828 375 904 is.‚Cautionem
397 828 582 890 huiusmodi
602 827 772 891 inculcavit
789 827 952 890 decretum
969 828 1123 911 Synodi
1140 829 1235 893 uul-

132 934 269 996 neusis
292 941 334 994 et
362 934 714 996 Pomesaniensis
745 954 826 996 anuo
859 939 951 997 1⁷45.
982 934 1180 997 celebratae:
1202 937 1236 998 iu

132 1059 177 1120 pro
196 1037 373 1120 diligenter
394 1039 636 1102 examinandum
658 1041 886 1122 committitur,
920 1060 958 1101 an
991 1042 1103 1120 spousi
1132 1040 1237 1104 diver·

133 1165 174 1208 sse
191 1143 357 1226 religionis
379 1144 517 1208 habeant
537 1148 621 1208 bona
642 1142 836 1226 immobilia,
858 1164 940 1226 quae
960 1145 993 1206 iu
1016 1147 1118 1209 maius
1139 1148 1238 1209 robur

134 1250 273 1315 untionis
307 1268 404 1332 super
433 1249 645 1333 adimplendis
676 1249 842 1313 Ecclesiae
872 1247 1108 1313 conditionibus
1136 1252 1239 1316 instar

135 1355 317 1439 ippotbeese
347 1351 493 1436 obligare
523 1355 649 1419 valeant
674 1353 751 1428 ¹⁹⁰).
781 1357 913 1436 iusuper
935 1375 952 1417 e
973 1353 1129 1419 relatione
1144 1362 1240 1437 ,Epi-

136 1461 771 1544 scops'ticimenss‘sdndreaclguatii
792 1462 926 1543 boyer
946 1459 988 1523 ad
1004 1461 1037 1523 S.
1054 1462 1237 1544 congrega-

138 1568 239 1632 tiouem
262 1564 402 1628 concilii
425 1565 479 1628 dd.
502 1571 553 1629 80.
569 1567 697 1629 ianuar.
718 1570 808 1629 1764.
824 1568 978 1647 praestita
1006 1563 1066 1640 ¹⁹¹)
1089 1550 1238 1650 apparet,

140 1673 300 1754 Episcopus
324 1669 510 1734 Crrlmenses
540 1674 700 1753 repetitim
730 1677 867 1751 statuta,
888 1683 948 1750 pei·
977 1672 1081 1752 Reges
1113 1693 1241 1755 quoque

145 1774 271 1840 lelodiac
306 1774 503 1857 adprobata,
533 1778 693 1840 edidisse:
723 1784 758 1839 ui
788 1778 899 1857 sponsi
927 1777 1043 1840 mixtae
1073 1775 1240 1859 religionis

146 1887 202 1945 mtc
215 1862 389 1945 ineundum
410 1885 645 1947 matrimonium
667 1884 870 1964 sponsionem
892 1883 958 1944 sive
980 1883 1157 1946 cautionem
1184 1878 1242 1948 sub

143 1989 350 2052 montione
370 1990 527 2050 bonorum
549 1990 625 2051 dent
646 1987 686 2049 de
708 1987 799 2070 prole
820 1990 964 2050 universa
986 1989 1020 2049 iu
1042 1989 1107 2050 iide
1139 1992 1241 2073 partis

142 2095 301 2159 catholicae
333 2092 515 2174 educanda,
546 2102 578 2156 et
606 2095 738 2175 coniuge
767 2092 927 2156 catholico
959 2091 999 2156 ed
1031 2092 1244 2159 deficiendum

93 2254 95 2275 ,
143 2200 226 2265 elide
248 2221 306 2282 sua
328 2219 387 2283 per
408 2199 544 2262 alterum
566 2200 694 2261 minime
723 2198 914 2262 inducendo.
946 2199 1005 2261 His
1027 2199 1163 2282 amplius
1186 2201 1244 2264 ad-

105 2380 111 2395 ,
145 2305 190 2370 bue
207 2326 399 2390 progressus
421 2304 506 2368 idem
529 2308 732 2386 Episcopus,
767 2305 966 2368 matrimonia
995 2306 1092 2368 mixta
1122 2305 1245 2391 simpli-

145 2412 206 2474 citer
224 2393 403 2496 prohibuit.

226 2520 269 2582 As
290 2523 459 2597 postquam
488 2517 654 2579 Dioeccsis
685 2515 866 2581 Culmensis
896 2519 929 2579 iu
959 2522 1150 2598 potestatem
1181 2522 1246 2582 Bo-

149 2639 289 2686 mssorum
311 2624 472 2700 venisset,
494 2623 671 2702 Episcopis·
690 2624 846 2705 principia
876 2621 1035 2684 catholica
1064 2629 1246 2686 manutene-

149 2744 172 2788 ιι
186 2729 399 2791 adnitentibus
429 2725 547 2789 miritae
578 2727 846 2789 contradictiones
876 2734 907 2788 et
938 2729 1179 2808 persecutiones
1211 2748 1248 2793 er

150 2842 217 2911 urta
245 2835 426 2915 Regiminis
457 2830 562 2895 civilis
593 2831 772 2894 subeundae
805 2839 904 2893 erant.
934 2831 1103 2911 Siguauter
1132 2833 1196 2894 iam
1218 2855 1247 2897 a.

154 2940 221 3002 1168.
243 2941 398 3022 Regimen
420 2939 625 3000 Borussicum
649 2936 778 2999 decreto
802 2936 854 2998 dd.
881 2941 929 2998 18.
953 2939 1031 2999 Dec.
1055 2942 1251 3014 itepiomoute‘

153 3041 217 3107 tlito
241 3046 363 3112 sanxit:
387 3052 421 3106 ut
442 3046 476 3106 ἱιι
497 3042 633 3105 l’olouia
654 3043 828 3104 Borussica
859 3043 970 3124 sponsi
998 3041 1143 3104 diversae
1168 3031 1249 3107 'reli-

153 3148 253 3232 gionis,
287 3170 422 3232 quorum
452 3151 641 3210 connubium
673 3168 710 3209 ex
738 3154 828 3229 parte
865 3147 1031 3210 Ecclesiae
1063 3148 1249 3214 Catholicae

154 3251 221 3336 lico,
245 3258 319 3339 quia
341 3277 414 3339 pars
438 3253 614 3318 acatholica
637 3253 750 3316 Eidem
772 3254 981 3317 orthodoxam
1003 3252 1154 3335 amplecti
1176 3255 1249 3318 nol-

154 3351 198 3443 let,
215 3362 465 3445 impediebatur,
489 3380 547 3442 per
569 3360 705 3420 vicinum
724 3359 806 3441 ipsis
834 3360 1103 3422 Protectonticum
1133 3363 1251 3422 minis-

154 3465 233 3549 lum,
264 3470 360 3531 etiam
387 3469 455 3530 sine
485 3463 809 3547 proclamationibus,
840 3463 1048 3545 copulentur,
1078 3463 1249 3529 'dummodo

153 3581 277 3653 constet,
309 3571 431 3634 nullum
461 3583 553 3634 secus
583 3573 668 3632 iuter
697 3568 773 3632 iilos
803 3568 1003 3631 intercedere
1040 3569 1250 3649 impedimen·
1370 3632 1374 3642 .

151 3673 201 3740 lum
226 3677 304 3753 ¹⁹²).
327 3678 414 3742 idem
436 3679 590 3758 Regimen
613 3675 654 3737 ad
676 3674 823 3737 faciliora
845 3671 1007 3735 reddenda
1027 3673 1125 3735 mixta
1140 3677 1251 3739 matri-

148 3786 240 3847 onnia
271 3782 450 3865 complures
478 3781 611 3864 pertulit
640 3782 906 3858 constitutiones,
929 3774 1084 3857 equibus
1115 3798 1169 3842 eas
1201 3801 1254 3843 so-

93 3880 95 3909 :
144 3893 378 3922 x...-

211 3973 271 4040 190)
290 3977 380 4026 Mon.
400 3975 441 4025 81.
471 3989 533 4040 pag.
552 3974 595 4026 98.
614 4001 650 4012 —
667 3975 730 4025 vio.
759 3972 961 4023 Constitutione
988 3971 1137 4031 Suoodcies
1164 3974 1255 4024 editae

146 4107 148 4111 .
180 4071 395 4128 etmomulpotne
419 4068 568 4117 abilin.
590 4060 1135 4122 Audreestsuislsoliostiss.
1153 4066 1258 4115 Brunc-

187 4154 278 4217 beruc‘e.
301 4156 391 4210 174⁶.
409 4173 435 4216 n.
455 4154 522 4207 136.
540 4172 575 4208 cs.
713 4212 715 4216 v
977 4140 981 4147 ’

220 4245 276 4313 191)
295 4251 385 4300 bion.
404 4248 448 4302 so.
467 4264 529 4315 pag.
549 4249 592 4299 99.

161 4371 177 4388 ι
219 4333 278 4405 ies)
296 4343 387 4392 itiou.
407 4339 449 4392 86.
469 4354 529 4407 pag.
549 4339 608 4391 100.
