2798 4838
576 256 780 327 ...qq-

142 396 350 478 slqold·›i'orte
374 400 408 461 in
432 401 616 461 execratione
637 398 803 460 literarum
827 399 1241 487 apostoticarum-dispen-

135 505 323 569 satioualium
347 513 484 568 erratum
508 512 612 583 esset,
640 504 675 566 id
705 525 768 566 non
792 507 894 566 tenori
924 505 1035 570 lterum
1063 509 1242 596 literarum,

130 612 175 676 sed
193 612 343 696 personis
375 612 626 691 exequentibus,
658 629 739 688 quae
770 609 881 672 literas
909 611 978 675 fors
1008 632 1066 676 nec
1092 614 1242 697 legerint,

124 721 216 783 nisus
236 719 352 779 debite
375 715 600 799 expenderint,
623 714 824 777 tribuendum
847 736 939 796 esse,
963 719 1132 782 ostendere
1156 731 1243 786 sata·

123 827 169 907 git.
195 820 428 889 ¹(iratissimis
451 841 548 903 porro
571 822 675 882 serbis
699 820 848 904 deducit,
872 843 965 904 quam
988 831 1137 888 constans
1159 847 1242 891 scm-

120 931 295 1013 perfuerit
317 929 413 991 Sedis
435 925 639 1008 Apostolicae
668 928 708 1017 in·
725 926 912 991 damnandis
940 931 1108 993 connubiis
1131 932 1242 995 catho-

118 1036 247 1099 licorum
270 1055 346 1098 cum
369 1034 539 1096 haereticis
562 1031 708 1093 doctrina
732 1040 764 1093 et
784 1033 900 1112 agendi
920 1037 1025 1110 ratio;
1048 1044 1242 1120 quantopere

115 1140 180 1206 itc'm
212 1142 360 1205 liomaui
390 1140 564 1201 Pontifices
593 1138 625 1199 in
656 1137 948 1218 dispensationibus
980 1159 1077 1220 super
1105 1143 1242 1225 impedi·

114 1257 212 1312 uento
248 1249 443 1323 haeresees,
480 1253 514 1306 et
542 1243 574 1303 in
606 1241 757 1322 gradibus
771 1245 887 1306 'vetitis
910 1243 1077 1310 difficiles·
1092 1268 1128 1311 se
1148 1269 1242 1332 prac-

113 1359 257 1438 brerint,
288 1372 352 1415 nec
374 1349 470 1412 aliter
490 1346 653 1409 licentiam
675 1348 883 1410 contrahendi
906 1350 1061 1415 eiusmodi
1093 1356 1242 1437 coniugia

113 1460 352 1535 concesserim,
383 1474 475 1536 quam
498 1455 557 1516 sub
581 1474 731 1534 expressa
752 1454 813 1516 hac
838 1455 1043 1519 conditiones
1071 1468 1107 1520 ut
1128 1460 1243 1525 haere·

113 1588 179 1630 scos
209 1565 380 1628 abiuratio
413 1561 603 1642 praecedat3
644 1559 833 1641 quandoque
848 1561 991 1640 quidem
1022 1563 1240 1631 conditionem

115 1675 192 1736 benc
213 1672 390 1734 emissam
413 1670 447 1727 in
469 1667 680 1728 matrimoniis
703 1665 886 1747 Principum
899 1665 1032 1747 inisse,
1054 1669 1113 1732 scd
1136 1680 1169 1732 ct
1189 1693 1242 1735 ra·
1332 1674 1337 1683 ’

120 1779 244 1841 rustum
260 1777 297 1838 id
324 1775 489 1851 evenisse,
511 1779 544 1834 et
564 1770 643 1833 alias
667 1779 862 1851 opportunas
884 1774 1049 1835 cautiones
1067 1776 1243 1858 interposi.
1347 1817 1348 1822 1

121 1890 164 1947 flu
183 1883 370 1959 exstitisse,
400 1886 467 1940 tum
495 1898 535 1939 ne
557 1879 672 1939 coniux
694 1875 874 1938 catholicus
904 1879 944 1940 ab
965 1879 1130 1943 haeretico
1162 1904 1240 1963 per.

117 1991 186 2053 rcrti
206 1984 343 2071 posset,
375 1992 443 2047 tum
473 1981 641 2066 utprolcs
664 1983 831 2062 utriusque
862 2003 958 2045 sexus
986 1984 1104 2049 extoli
1131 1991 1244 2052 matri-

120 2096 217 2159 monio
250 2088 501 2175 progeneranda
527 2087 566 2150 'in
588 2088 760 2168 Religione
783 2086 950 2152 catholica
980 2089 1176 2157 educaretur.
1200 2124 1243 2138 —-

120 2201 288 2264 confutata
311 2198 422 2276 iniqua
445 2197 615 2275 opinione,
643 2195 758 2256 transit
779 2195 928 2256 Pontifex
958 2196 999 2257 ad
1025 2198 1243 2281 exponendam

120 2309 255 2386 praxim,
277 2324 372 2384 quam
396 2300 495 2364 Sedes
518 2298 704 2381 Apostolica
725 2301 759 2361 in
783 2301 1073 2382 dispensationibus
1102 2308 1243 2369 tennerit

125 2420 241 2495 super
262 2416 454 2488 teneatquee
484 2407 758 2488 dispensationem
779 2405 932 2472 videlicet
952 2427 1078 2489 semper
1108 2409 1151 2475 ad
1172 2431 1242 2477 cer·

124 2510 186 2581 trrh'
200 2517 344 2599 aliquem
376 2522 575 2593 executorem
594 2511 723 2594 dirigi,
756 2514 847 2590 eique
876 2511 913 2573 id
943 2516 1066 2594 negotii
1087 2513 1177 2600 dari,
1209 2524 1246 2580 ut
1294 2487 1301 2503 ¹

127 2622 163 2689 dc·
178 2618 321 2688 omnium
345 2619 564 2700 expositorum
580 2619 728 2680 ¹veritate
750 2618 879 2697 praevie
911 2625 1101 2699 cognoscat,
1133 2622 1161 2681 si
1182 2623 1245 2684 ita-

128 2710 185 2811 que
198 2728 456 2793 contrahentium
488 2730 544 2786 aut
564 2728 697 2803 uterque
728 2728 782 2783 aut
803 2719 956 2784 alteruter
985 2724 1029 2785 sit
1049 2723 1244 2807 haereticus,

119 2830 211 2918 idque
232 2832 268 2898 in
286 2828 403 2897 libello
427 2828 564 2912 supplici
587 2825 672 2915 haud
697 2814 888 2914 expopatur,
919 2826 960 2888 ad
989 2835 1097 2909 partes
1131 2840 1245 2893 execn-¹
1325 2829 1328 2837 ’

127 2944 197 3005 toris
218 2920 389 3004 literarum
410 2933 670 3019 Apostolicarum
692 2924 881 3013 pertinere,
907 2941 943 2994 ut
972 2932 1021 2994 ad'
1034 2935 1243 2998 circumstan·
1286 2954 1288 2959 ·

123 3040 191 3111 tius
222 3040 455 3125 nancrprobe·
474 3038 636 3117 attendat,
676 3045 708 3099 et
746 3036 1015 3118 dispensationem
1038 3040 1240 3124 suspendat,

120 3164 243 3234 remque
266 3149 420 3232 priusad
443 3146 558 3210 Sedem
581 3142 803 3226 spostolicam
824 3144 964 3224 referat,
993 3165 1066 3207 cum
1094 3148 1124 3208 ci
1146 3148 1239 3228 igno-

120 3269 178 3323 tmn
202 3277 361 3322 essenon
383 3254 507 3336 possit,
530 3272 548 3313 a
572 3250 655 3313 Sede
678 3249 739 3310 hac
760 3252 876 3312 mixtas
904 3253 1032 3331 nuptias
1055 3260 1238 3315 constanter

119 3366 277 3429 damnari:
309 3364 384 3425 hinc
406 3361 484 3421 sitio
507 3366 539 3418 ct
560 3355 655 3436 culpa
677 3357 856 3417 executoris
879 3358 1026 3435 evenire,
1043 3357 1087 3419 ,si
1109 3357 1241 3439 dispen-

120 3475 247 3536 sationis
279 3488 340 3551 pro
362 3465 555 3529 'oratoribus
587 3461 739 3523 duntaxat
768 3459 939 3522 catholicis
968 3480 1140 3525 concessae
1162 3470 1239 3527 tunc

122 3577 317 3659 qaoque'iiat
337 3590 433 3650 usus,
470 3571 545 3630 dum
571 3565 755 3629 ‘eorumdem
786 3564 867 3626 alter
889 3576 939 3626 est
967 3566 1169 3646 haereticus,
1201 3588 1239 3631 ac

123 3683 249 3760 proinde.
266 3678 387 3742 nullam
402 3693 536 3759 prorsus
553 3681 720 3753 suppetere
743 3690 869 3731 causam
887 3667 1119 3752 calumniandi,
1145 3677 1237 3753 quasi

126 3787 219 3852 tedes·
233 3783 420 3869 Apostolica
438 3785 485 3843 in
515 3779 629 3841 merito
658 3777 829 3837 mixtorum
864 3776 1093 3839 connubiorum
1125 3781 1237 3843 conni-
1315 3767 1316 3770 ¹

114 3876 219 3958 ¹tester
240 3915 276 3957 se
298 3897 451 3974 ger-oreta
472 3886 568 3966 idque
592 3903 630 3944 eo
652 3883 772 3960 minus,
804 3879 891 3960 quod
919 3880 953 3941 in
974 3882 1139 3945 tenoribus
1160 3882 1238 3947 lits-

129 4016 218 4063 ram
233 3988 510 4080 Apostolicorum
534 3991 648 4072 quibus
670 3987 866 4068 dispensatio
889 3984 1092 4067 conceditur,
1115 3988 1255 4059 diserte·

129 4108 326 4190 exprimatur,
355 4100 512 4182 supponi,
541 4102 703 4159 oraturum
733 4098 900 4170 utrumque
932 4091 1128 4173 orthodoxae
1156 4093 1236 4158 fidei

119 4210 271 4278 'cultorem
291 4209 448 4283 existere,
474 4210 505 4266 et
526 4203 584 4264 sub
608 4197 789 4261 obedientia
812 4198 975 4260 Romanae
997 4194 1164 4289 Ecclesiae
1185 4199 1234 4260 vi·
1324 4277 1326 4281 Ι

124 4336 194 4386 tere.
212 4351 253 4366 ·-·
289 4318 326 4382 ln
348 4311 475 4396 epilogo
497 4310 644 4372 hortatur
664 4303 815 4368 Pontifex
834 4292 1036 4394 Episccpos,
1050 4308 1095 4387 ,ut
1115 4298 1231 4377 literas
1328 4385 1333 4394 Ι

193 4425 198 4432 .
319 4403 325 4418 ·
969 4413 989 4467 7
1011 4407 1030 4448 ᾗ
1212 4414 1214 4418 ⁴
