2798 4838
583 257 786 332 ...m-.-

150 398 251 472 stuiio‚
272 397 329 465 secl
350 400 462 482 potius
485 403 623 482 coniugii
646 410 709 464 tam
732 400 889 482 praeclari
911 401 1079 483 cupiditati
1103 404 1244 469 triburen-

145 503 198 567 ‹lam
218 506 306 583 fure,
327 513 381 583 et,
405 526 475 568 cum
500 517 631 570 matrem
655 506 803 570 simulata
825 528 1008 571 conversam
1030 530 1123 572 uerno
1144 512 1245 588 impo-

145 611 196 672 dire
224 618 354 694 posset,
376 613 553 692 ‘quominus
585 612 692 694 proles
715 615 747 675 in
771 615 841 677 sinu
871 612 1036 693 sonalat,
1069 637 1105 680 ae
1127 615 1245 679 teneris

142 719 259 797 ipsorum
281 717 397 780 animis
428 738 498 780 cum
522 715 604 781 lacte
632 726 773 781 materno
804 718 962 785 occultum
983 719 1127 784 haeresia
1158 723 1245 783 virus

140 823 287 902 infundat,
317 842 443 901 semper
472 844 542 886 oum
565 823 706 905 periculo
730 825 899 888 manifesto
929 828 1130 893 coniunctum
1158 827 1246 889 iretu-

139 942 190 991 tun
213 928 376 992 eiusmodi
406 931 614 1008 connubium,
648 929 811 1012 praeclare
840 933 962 994 monuit
991 933 1141 997 Summus
1162 932 1263 1036 Pon-⁸

139 1036 208 1098 illex.
226 1031 276 1107 ⁹¹)

620 1205 656 1298 i·
683 1207 745 1280 aa

105 1340 412 1403 ”·Ειι1ιιΙιΙιιιιο
430 1349 567 1404 Rotas
586 1348 800 1430 Romanae
819 1345 864 1405 Ιιι
883 1361 1013 1405 eausa
1031 1347 1172 1404 ΙιιιιιΙι.
1194 1345 1264 1419 «te,

141 1437 319 1507 nerone,
337 1440 380 1494 et
397 1441 592 1495 Joamnse
618 1439 670 1494 cte
688 1441 840 1498 liroste
867 1440 978 1498 nihii
994 1453 1073 1510 pro
1100 1437 1244 1496 steten-

254 1528 378 1586 sione
396 1537 522 1586 matr.
540 1530 766 1586 nrixtorum
784 1531 938 1589 interr-i
956 1536 1108 1602 potest.

222 1691 271 1751 iix
296 1687 420 1751 ultimis
443 1687 550 1752 Seculi
566 1690 665 1753 XVll.
688 1693 778 1753 annis
802 1691 942 1754 occurrit
965 1689 1088 1753 decisio
1111 1691 1248 1751 Rotae

148 1794 359 1877 Romanae,
397 1793 436 1856 ari
467 1814 559 1874 quiam
599 1798 872 1859 matrimoniorum
913 1797 1085 1858 mixtorum
1120 1795 1248 1876 patroni

144 1901 343 1978 praeferentes·
366 1888 471 1962 aole⁸nt
501 1900 677 1982 adpellare·
717 1904 819 1964 Baro
846 1903 994 1964 nimirum
1016 1901 1247 1964 Wernarus

139 2005 382 2069 lambertus
414 2005 459 2066 cle
491 2007 665 2069 Merocle
698 2009 883 2070 Promotum
913 2005 1083 2072 defloravit
1110 2005 1245 2089 pueliam

138 2110 315 2175 catholicam
349 2112 557 2174 icaunam
589 2111 887 2175 Petronellam
923 2113 968 2176 de
998 2116 1154 2176 liroste
1189 2114 1248 2173 suh

138 2215 185 2279 lle
207 2225 240 2280 et
262 2218 479 2299 promissione
501 2220 713 2280 matrimonii:
744 2240 761 2280 a
785 2240 847 2300 quo
870 2219 1030 2301 promisso
1053 2238 1125 2280 cum
1144 2217 1247 2279 serius

136 2323 306 2403 recederet,
329 2322 577 2406 defloratamque
600 2323 716 2387 'ducere
738 2324 860 2404 nollet,
883 2346 917 2386 re
941 2325 982 2387 aci
996 2324 1248 2406 iuclicium'ltlpl-

137 2431 211 2511 scopi
234 2434 516 2506 monuerimus,
540 2428 612 2491 clein
634 2437 664 2492 et
687 2437 901 2493 Nacntiaturue
915 2434 1108 2492 Coloniensis
1130 2426 1248 2502 delata,

135 2534 326 2616 lipiseopus,
362 2541 435 2596 voto
467 2554 592 2618 quaeque
631 2537 858 2599 Universitatis
887 2535 1093 2599 Acatholicae
1124 2538 1248 2610 Ossam-

132 2645 260 2724 mmm,
291 2639 517 2703 defloratorem
550 2640 590 2702 acl
621 2642 854 2704 matrimonium
891 2640 1142 2704 contrahendum
1172 2660 1247 2701 eon-

131 2743 295 2809 damnavit.
339 2746 498 2809 Processu
533 2747 624 2808 subin
655 2745 695 2808 ati
725 2753 839 2808 Rotam
855 2730 1043 2809 'hommum
1073 2742 1249 2828 adpellem,

130 2849 202 2913 haee
233 2853 424 2913 sententiam
457 2853 616 2933 Episcopi
649 2853 912 2914 Monasteriensis
944 2853 1142 2912 confirmavit
1171 2856 1248 2927 inm,
1290 2848 1307 2884 ⁸

130 2957 212 3038 quoti
233 2958 396 3035 haeresis,
431 2977 521 3036 quam
545 2957 734 3020 Lambertus
756 2959 946 3038 profitetur,
979 2954 1069 3019 illum
1098 2960 1247 3018 amatri-

130 3065 231 3126 nonio
254 3082 325 3124 cum
350 3062 500 3125 deilorata
524 3063 742 3125 contrahendo
765 3084 828 3125 non
851 3062 985 3142 liberet,
1009 3070 1041 3124 et
1062 3063 1104 3124 acl
1122 3069 1250 3124 contra-

85 3186 87 3190 ·
130 3167 264 3230 hendnm
294 3170 531 3230 matrimonium
562 3190 623 3250 quia
656 3171 893 3233 Sacramentum
925 3170 1045 3250 paritas
1082 3189 1143 3230 non
1172 3169 1248 3231 iitlei

131 3274 183 3337 reu
204 3271 313 3336 solum
335 3275 484 3357 baptismi
507 3277 705 3353 requiratur3
736 3282 802 3337 tum
826 3275 930 3355 quood,
960 3274 1114 3356 quidquid
1137 3275 1169 3337 in
1193 3284 1247 3355 go-

131 3398 198 3442 ncre
229 3386 264 3441 et
284 3374 446 3442 abstracto
479 3379 518 3441 de
541 3377 659 3442 talibus
683 3383 840 3461 coniugiis
867 3365 1049 3461 statuatur,
1078 3400 1115 3443 ea
1144 3387 1254 3444 camec

133 3483 389 3568 inregionibus,
411 3489 443 3548 in
462 3471 576 3566 uiribus
600 3485 752 3549 catholici
773 3488 943 3549 haereticis
966 3487 1115 3567 permixti
1130 3488 1248 3561 urunt,

85 3564 89 3623 Ι
136 3589 310 3672 lure‘quasi
332 3593 630 3672 consuetudinario,
661 3593 724 3654 vim
745 3590 827 3673 legis
851 3592 1014 3672 habente,
1037 3599 1069 3655 et
1094 3580 1250 3653 canmm

122 3695 265 3776 -ngorem
287 3703 501 3780 temperante,
524 3701 562 3760 ah
584 3696 731 3760 Ecclesia
753 3695 933 3760 tolerentur·
945 3694 1007 3771 ⁹²).
1045 3690 1246 3760 lleclsioncm

141 3797 209 3863 hanc
225 3804 330 3865 Rotae
349 3804 507 3867 Romanae
529 3803 709 3885 complures
734 3803 849 3866 eruditi
871 3805 973 3865 instar
995 3805 1170 3887 argumenti
1192 3802 1250 3866 ari-

146 3900 267 3971 incunt:
296 3928 355 3970 nec
376 3909 497 3973 Romae
520 3908 676 3974 creditum
698 3915 790 3972 antea
812 3908 928 3990 fuisse,
947 3911 1147 3995 matrimonia
1170 3909 1249 3972 mix-

151 4043 375 4067 Q...-

203 4135 249 4203 et)
267 4141 358 4193 Mon.
375 4110 421 4194 46
437 4155 500 4210 pag.
517 4139 561 4193 82.

110 4254 113 4259 ·
206 4226 250 4292 92)
267 4233 358 4284 hieu.
376 4233 419 4287 47.
440 4248 501 4299 pag.
520 4234 563 4285 36.
587 4233 650 4284 Viri.
675 4235 752 4286 Jos.
779 4236 908 4293 Potio,
936 4235 966 4284 8.
993 4235 1081 4285 Rotae
1111 4237 1252 4282 Romanae

85 4326 87 4367 i
184 4317 321 4375 διοίιίοιει.
340 4325 439 4376 harae.
460 4321 545 4376 1725.
560 4329 590 4375 Ρ.
610 4323 635 4376 1.
650 4339 676 4382 p.
695 4323 763 4377 50⁷.
783 4340 818 4376 ιι.
935 4351 936 4354 ¹
