2798 4838
577 281 636 306 ..‚
653 251 730 322 21⁰
746 289 806 313 .—

129 397 329 461 Christianus
363 395 592 458 Confesslones
616 391 697 476 ⁴⁰⁷),
726 417 785 476 pro
815 393 1023 457 fondamento
1055 395 1253 477 disquisitio-

128 504 179 566 nis
202 522 280 566 suae
304 501 440 581 positis,
462 500 563 563 multa
584 501 736 564 adversus
758 499 938 563 Ecclesiam
962 499 1164 564 catholicam
1181 521 1253 584 pro-

129 609 210 691 fert,
245 607 337 688 quasi
358 608 430 688 ipsa
461 604 532 670 sola
555 609 618 687 sit,
642 626 723 687 quae
755 606 923 686 equalitati
948 614 1135 670 constanter
1162 627 1253 691 repu-

127 721 220 797 gnet;
237 712 413 790 asseritve,
450 733 514 774 non
546 711 641 776 aliter
670 712 845 793 perfectam
877 713 1128 776 confessionum
1162 715 1253 779 curi-

127 822 301 884 stlanarum
323 818 491 899 paritatem
512 819 666 882 constitui
687 838 806 899 posse,
830 839 924 901 quam
953 820 983 882 si
1011 820 1179 902 Principes
1209 822 1252 882 vi-

124 927 171 1006 ri,
194 927 294 1007 misso
318 921 485 987 Ecclesiae
506 926 669 988 Romanae
691 926 848 1005 arbitrio,
871 946 909 988 ex
930 929 1069 989 aeternis
1099 925 1252 989 humanae

125 1032 262 1095 rationis
284 1028 434 1112 legibus,
459 1037 490 1094 et
511 1037 625 1093 natura
648 1031 889 1093 Christianismi
911 1033 980 1095 iura
1003 1032 1177 1113 religionis
1200 1031 1250 1096 cle·

125 1138 306 1213 iiniverint3
328 1155 365 1198 ac
387 1137 419 1198 in
443 1137 549 1218 specie
573 1137 602 1199 si
623 1139 660 1198 in
679 1136 786 1198 mixtis
809 1140 1021 1201 matrimoniis
1042 1140 1115 1203 iura
1144 1139 1250 1201 coniu-

126 1263 209 1326 gum·
223 1263 287 1305 non
310 1261 348 1304 eu
369 1243 500 1304 notione
523 1241 742 1304 ecclesiastica
776 1244 989 1325 matrimonii,
1012 1244 1071 1306 secl
1105 1265 1145 1314 ex
1167 1252 1250 1308 natu·

126 1369 163 1412 ra
192 1368 230 1412 ac
258 1345 369 1410 indole
400 1348 618 1427 matrimonii,
650 1347 753 1429 qualis
785 1370 843 1431 per
871 1344 1029 1439 rationem'
1060 1351 1248 1431 innotescit,

126 1453 316 1518 evolverint:
338 1463 398 1534 pro‘
419 1455 580 1536 principio
617 1455 671 1516 hic
700 1456 872 1517 tenendum
902 1475 993 1537 esse,
1022 1463 1059 1518 nt
1088 1457 1249 1536 utriusque

125 1560 269 1642 coniugis
292 1560 425 1641 propria
447 1561 517 1624 iura
539 1568 823 1637 manuteneantur;
846 1561 950 1641 quoad
979 1562 1247 1625 determinanda!
1284 1628 1287 1667 1

123 1664 315 1748 religionem
337 1664 477 1746 prolium
506 1668 627 1746 respici
658 1666 775 1729 (lebera
806 1666 848 1729 acl
877 1670 1014 1748 patriam
1046 1687 1246 1748 sponsorum,
1285 1748 1287 1759 Ι

124 1779 158 1836 et
179 1774 208 1836 si
229 1771 385 1835 alteruter
413 1773 601 1853 peregrinus
625 1775 669 1835 sit
690 1793 727 1835 ac
749 1773 889 1852 advena,
911 1773 1032 1836 liberos
1056 1775 1090 1835 in
1126 1774 1244 1836 confes·
1283 1778 1287 1837 l

123 1879 215 1943 sione
237 1876 371 1940 alterius
394 1879 560 1960 coniugis,
586 1898 678 1940 secus
700 1880 735 1940 in
756 1877 915 1959 religione
936 1885 1050 1960 mairie
1072 1879 1243 1943 educandas

123 1990 305 2048 essartum
334 1983 428 2064 ideo,
458 1985 547 2064 quod
576 1986 783 2047 humanitatis
814 1986 896 2047 ratio
929 2005 1005 2067 erga
1033 2006 1144 2048 sexum
1175 1983 1242 2049 rell·

112 2079 296 2174 ‘glosiorem
317 2089 352 2150 id
372 2089 538 2169 postulare
571 2091 737 2170 videatur,
768 2098 836 2153 tum
868 2091 955 2172 quod
987 2112 1046 2175 per
1079 2092 1116 2154 iol
1147 2093 1240 2174 patris

127 2194 313 2260 auctoritati
333 2213 397 2257 non
419 2195 675 2277 praeiudicatur,
699 2198 754 2278 qui
784 2217 911 2280 semper
937 2197 970 2258 in
1003 2204 1163 2280 potestate
1194 2198 1241 2259 ha·

121 2303 196 2382 bet,
220 2300 260 2362 ‹le
290 2317 328 2361 eo
359 2301 599 2383 prospiciendi,
630 2309 667 2364 ut
696 2301 792 2364 liberi
821 2303 862 2366 ad
893 2305 1111 2366 maturitatem
1140 2303 1241 2366 iudicii

121 2407 342 2491 pertingentes
364 2407 428 2486 ipsi
450 2407 621 2471 decernere
644 2407 788 2490 valcant,
811 2429 979 2490 quamnam
1001 2414 1094 2492 sequi
1125 2414 1241 2493 cupiant

122 2510 324 2595 religionem.
347 2506 414 2584 l⁰⁸)
1282 2548 1287 2593 ι

224 2624 276 2682 95.
301 2618 330 2679 J.
355 2617 392 2681 0.
414 2618 452 2680 L.
477 2617 701 2705 Gieseler,
723 2621 814 2682 Prof.
835 2623 1014 2685 Bonnensis
1033 2623 1150 2696 (hodie
1171 2624 1240 2686 cot
1283 2612 1287 2699 ,ἶ

119 2724 307 2805 tingensis),
329 2727 411 2786 zoves·
431 2726 686 2805 ,lboondiongen
707 2731 785 2789 siber
815 2731 988 2791 kirchiiciic
1020 2732 1238 2807 &speculando

120 2833 148 2893 Ι.
173 2821 257 2894 [lber
278 2834 329 2891 die
349 2833 538 2909 Fordcruop
561 2839 617 2893 des
638 2837 855 2895 kotioiisciccn
877 2838 1007 2920 Cieros,
1039 2842 1117 2897 dass
1136 2842 1173 2898 in
1190 2855 1238 2916 pe-

120 2939 276 2998 mischtco
296 2938 389 2997 Eleo
409 2941 606 3000 commutate
626 2944 751 3000 Kiudcr
771 2943 949 3002 ictioiimic
963 2959 1102 3019 erzogen
1122 2948 1239 3005 oerum

118 3045 228 3102 soliers⁸
257 3043 303 3101 11.
331 3044 411 3101 siber
442 3046 493 3103 dic
523 3053 674 3105 nottestan
714 3048 990 3108 Uniooocersucice
1025 3051 1061 3108 in
1101 3050 1240 3109 uranon.

118 3149 222 3208 Boou.
243 3149 349 3207 1824.
370 3145 403 3204 ln
425 3147 529 3233 prima
550 3141 812 3212 dissertationum
837 3128 1032 3232 postulatum
1066 3150 1158 3215 Cleri
1189 3153 1241 3216 Ca·
1278 3216 1287 3233 1

117 3249 250 3330 tholici,
271 3257 310 3314 ,ut
331 3269 440 3313 omnes
462 3233 572 3332 proles
596 3274 612 3315 e
635 3255 742 3316 mixtis
774 3258 985 3319 matrimoniis
1014 3258 1047 3319 in
1078 3257 1240 3340 Religione

120 3355 290 3420 Catholica
328 3357 521 3437 educentur,
554 3380 626 3421 cum
663 3360 819 3442 singulari
855 3363 898 3424 acl
932 3384 1029 3442 opera
1067 3365 1240 3428 Neiiesacsii
1279 3342 1287 3381 ἱ

98 3458 203 3540 ’(Νιο
226 3467 276 3525 63.
300 3469 332 3532 et
354 3465 423 3536 90.)
447 3468 640 3545 attentione,
663 3486 701 3528 ex
722 3470 892 3548 principiis
913 3469 1001 3530 Juris
1018 3469 1194 3550 naturalis,
1214 3473 1238 3531 et

12 3589 14 3593 ’
117 3568 256 3633 Moralis
278 3570 444 3632 universae
466 3569 634 3653 refellere,
665 3593 701 3634 ao
730 3574 865 3654 proinde
895 3575 1064 3638 ostendere
1097 3583 1236 3650 conatur,

118 3675 153 3738 ui
174 3677 282 3759 reipsa
302 3696 361 3740 nec
383 3678 423 3740 ab
446 3674 594 3740 Ecclesia
617 3677 785 3741 catholica
806 3679 983 3744 desiderari
1004 3702 1114 3762 posse.
1137 3677 1199 3755 ⁴⁰⁹)
1277 3678 1287 3775 J

189 3961 239 4014 sot
275 3965 309 4014 ct.
343 3964 413 4016 .86.
1279 3964 1287 4021 i

188 3959 256 4117 4083
282 3959 485 4108 uelensianesr
512 4059 675 4118 Alipemcioe
705 4060 935 4121 Kirciceazcitusp.
961 4058 1050 4111 1824.
1074 4076 1101 4120 o.
1121 4057 1186 4113 662.
1200 4078 1225 4094 *

156 4147 356 4209 neolopiscices
373 4147 577 4198 Literotorblott
592 4163 641 4199 sor
658 4150 725 4211 Aia.
744 4152 779 4202 K.
800 4152 832 4200 Ζ.
851 4147 941 4202 18²4.
960 4167 985 4210 p.
1004 4149 1069 4204 m.

224 4233 257 4308 9)
274 4238 426 4293 liecensios
444 4241 640 4304 Tieoiopiscios
657 4241 861 4295 aimonium
877 4257 926 4296 sur
939 4247 1049 4309 Auseae
1068 4247 1104 4300 K.
1116 4248 1147 4299 z.
1156 4231 1219 4298 wi.

152 4346 179 4392 o.
198 4327 267 4386 168.
524 4342 526 4346 ⁴
