2798 4838
586 316 638 331 --
663 274 746 349 591·
766 315 818 332 -

136 416 376 509 repugnantes}
402 425 436 486 io
460 423 546 486 omni
568 440 641 485 vcro
673 443 749 485 casu
773 423 940 503 coniugem
968 419 1164 488 catholicum
1187 423 1276 486 omni

136 531 296 618 pastorali
319 529 550 592 sollicitudine!
568 529 610 592 ad
639 535 784 610 patratae
815 527 928 610 culpae
959 527 1205 591 detestationem
1239 535 1272 592 et

137 658 312 720 congruam
334 636 563 717 poenitentiam
585 633 740 715 agendam
766 634 957 695 monendum
983 653 1071 696 esse:
1105 653 1167 712 qua
1190 641 1275 714 acto,
1365 665 1369 678 ·

139 747 337 825 coniugeque
360 739 518 802 catholico
540 746 654 819 parato
678 738 718 800 ad
740 746 950 820 opportunam
978 738 1122 802 scandali
1143 758 1275 820 repare-

137 855 279 929 tionem‚
304 847 438 910 eundem
461 845 503 906 ad
533 847 810 907 Sacramentorum
833 843 999 908 Ecclesiae
1022 864 1114 907 usum
1145 845 1275 908 admitti

137 976 245 1038 Posse·
270 951 347 1026 nae)
1186 950 1189 955 ·

243 1059 293 1123 Ad
314 1059 426 1120 literas
448 1077 566 1141 porro,
590 1077 667 1138 quas
689 1057 936 1139 Archiepiscopl
958 1055 1116 1121 ditionum
1138 1059 1273 1131 100101-
1298 1054 1301 1059 ’

140 1184 276 1227 aearum
296 1165 408 1225 itidem
431 1184 488 1225 suo
513 1170 544 1224 01
567 1163 847 1241 Suffrageueorum
869 1165 995 1224 nomine
1027 1183 1086 1242 per
1107 1161 1273 1226 laudatum

140 1252 336 1351 Episcopum
357 1268 606 1350 Csanadiensem
626 1253 753 1329 Summo
773 1270 923 1330 Pontifici
942 1268 1164 1331 exhibuerunt.
1183 1268 1273 1333 ldeni

138 1376 245 1436 medio
277 1377 502 1436 instructionis
532 1372 742 1435 0000010010
773 1375 953 1435 Secretario
986 1374 1095 1436 Status
1134 1373 1187 1435 dd.
1220 1380 1274 1441 21.

137 1481 219 1542 Μο11
246 1485 337 1542 1811.
362 1483 506 1561 signatae
530 1481 750 1559 premonita,
779 1481 826 1540 uti
850 1481 1023 1561 Episcopis
1045 1480 1152 1560 Regni
1179 1480 1273 1541 Hun·
1353 1480 1367 1506 ³

138 1588 260 1667 gerici,
284 1588 316 1648 in
341 1589 455 1648 merito
478 1592 569 1647 matr.
593 1586 762 1646 mixtorum
793 1586 929 1648 rescribi
957 1587 1073 1647 iussit:
1106 1605 1142 1648 ea
1164 1591 1273 1649 tamen

138 1713 210 1754 cum
234 1693 435 1768 differentia,
458 1690 544 1772 qrrod
567 1692 599 1752 in
623 1692 836 1753 lnstructione
859 1690 898 1752 ed
922 1693 1101 1772 Episcopos
1122 1692 1272 1755 Austrin-

137 1819 194 1858 cos
219 1798 258 1858 de
281 1819 359 1859 casu
379 1797 459 1877 illo,
484 1816 545 1878 quo
568 1803 661 1859 matr.
684 1799 815 1859 mixtum
840 1799 919 1858 citra
950 1796 1088 1858 formam
1111 1799 1271 1860 000001-

135 1902 185 1965 lio
209 1903 400 1976 Tridentino
422 1904 654 1985 praescriptam
677 1922 785 1964 coram
806 1904 953 1964 ministro
984 1902 1164 1965 acatholico
1194 1922 1270 1965 con·

137 2010 297 2088 trahitur,
326 2006 374 2069 nil
396 2012 565 2092 statuerit,
600 2008 657 2070 sed
684 2004 785 2070 totam
805 2009 887 2070 hane
918 2009 1193 2071 circumstantiam
1225 2011 1270 2072 si-

137 2113 240 2175 lentio
263 2106 473 2199 praeterierit.
490 2112 577 2186 ¹¹²⁹).

626 2243 662 2336 0.
691 2244 779 2317 eoo.

137 2380 404 2448 Apostoiiene
424 2383 543 2439 seriis
569 2382 931 2455 {astructionibus
955 2380 1196 2441 conformes
1215 2383 1272 2441 td

135 2473 352 2561 i’aroeiros
371 2473 624 2534 invitationes
642 2491 720 2546 pei·
737 2476 985 2545 utingen-ine
1005 2490 1053 2531 oc
1070 2476 1270 2533 niustriae

134 2565 367 2621 Praesulcs
394 2565 559 2623 ultimis
587 2567 692 2623 anni
722 2572 843 2624 1811.
867 2566 1088 2624 mensibus
1117 2566 1270 2626 editae.

239 2683 414 2762 Postquam
435 2683 565 2745 Literae
589 2677 799 2767 Apostolica'e
829 2686 996 2766 utriusque
1027 2684 1171 2765 ordinis,
1204 2692 1269 2748 tam

135 2786 262 2849 scilicet
293 2787 391 2868 illae,
424 2790 504 2870 quae
535 2790 577 2851 ad
605 2790 775 2852 Praesules
806 2791 912 2872 Regni
944 2788 1142 2872 Hungarich
1173 2813 1268 2872 quam

136 2882 211 2972 000,
236 2914 314 2975 quae
344 2894 386 2955 ad
408 2897 647 2958 Austriacarum
671 2897 909 2958 Provinciarum
931 2898 1116 2978 Episcopos
1149 2897 1270 2979 dirige-

135 3000 271 3078 bantur,
295 2999 459 3061 Placetum
483 3002 619 3082 Regium
644 3003 874 3063 obtinuissent:
905 3001 1098 3082 Peaesulcs,
1131 3003 1172 3065 ad
1201 3006 1270 3084 pri-

135 3124 202 3166 mas
227 3106 329 3167 oflicii
354 3107 533 3187 suipertes
556 3109 716 3189 pertinere
738 3107 819 3184 rati,
850 3107 978 3169 easdem
1002 3111 1058 3170 abs
1081 3130 1170 3171 mora
1193 3109 1269 3172 Cle·

132 3231 170 3271 ro
195 3211 313 3272 Curato
338 3193 593 3293 communicare,
622 3213 657 3275 id
681 3215 776 3275 etiam
808 3210 929 3275 ultimis
959 3215 1033 3275 anni
1057 3219 1149 3278 1811.
1180 3237 1269 3279 1000-

134 3316 226 3377 sibus
251 3313 401 3377 alacriter
423 3324 662 3397 praestiterunt.
695 3319 865 3398 Praesules
899 3320 1027 3401 quidem
1050 3321 1153 3401 Regni
1178 3324 1268 3385 Hun-

134 3422 257 3502 garici,
281 3431 435 3511 praeunte
458 3425 617 3504 10100010,
641 3434 783 3488 tenorem
805 3428 915 3487 Brevis
938 3427 1102 3488 Pontificii
1128 3428 1268 3500 (Instru-

134 3500 241 3588 ctione
263 3547 321 3608 000
344 3529 468 3605 0010010
491 3550 551 3591 osu
565 3551 621 3592 000
647 3552 683 3593 00
702 3530 879 3591 directione
902 3533 1079 3604 reservata)
1106 3551 1177 3593 cum
1196 3533 1268 3594 uni·
1322 3512 1327 3518 ¹

133 3653 226 3694 verso
251 3631 346 3695 Clero
369 3635 489 3696 Curato
512 3654 570 3716 per
591 3636 796 3718 Encyclieam
825 3635 953 3697 literam
983 3620 1266 3718 communicantes,

134 3737 270 3800 eundem
301 3738 398 3801 simul
431 3760 468 3803 eo
497 3743 675 3804 inviarunt:
704 3749 741 3804 01
777 3741 818 3803 ad
850 3761 976 3821 casum,
1015 3761 1077 3823 quo
1110 3743 1267 3824 desponsi

130 3845 250 3908 mixtae
276 3843 446 3926 religionis
463 3866 532 3919 non
554 3849 718 3929 praestitis
750 3847 868 3909 debitis
892 3847 1091 3910 cautionibus
1123 3869 1141 3911 0
1163 3849 1264 3912 Paro-

132 3946 381 3963 ——unn-

204 3990 288 4058 1128)
307 3996 399 4047 Mon.
419 3997 480 4047 105.
500 4012 561 4063 pag.
581 3997 642 4047 817.
662 4023 696 4036 ·-
720 3997 811 4058 Atque
830 3997 866 4047 110
885 3997 913 4046 in
931 3996 1015 4047 Brevi
1035 4004 1062 4048 et
1084 3975 1265 4050 {astructione

168 4099 217 4148 pro
242 4087 382 4153 liungsria
406 4088 476 4138 idem
504 4102 615 4150 prorsus
645 4090 823 4151 praescripsit
849 4090 936 4139 Sedes
954 4087 1129 4155 Apostoliea‚
1150 4094 1219 4151 qnod
1240 4106 1264 4143 a.

167 4177 248 4229 1880.
267 4181 316 4240 p'ro
335 4179 425 4244 Regni
442 4180 586 4230 Burnssici
604 4182 758 4231 Provinciis
780 4179 1017 4242 occidentalibus,
1037 4187 1065 4231 et
1080 4196 1104 4232 0.
1124 4183 1204 4236 1882.
1232 4197 1264 4234 ae

167 4268 246 4321 1881.
267 4282 315 4332 pro
334 4272 430 4337 Regno
449 4272 582 4322 Bavarico
602 4275 634 4322 ab
654 4273 756 4325 diadem
775 4274 972 4337 praescriptum
991 4273 1051 4324 suit.

202 4354 288 4426 1129)
306 4361 396 4416 Mon.
416 4361 478 4418 106.
496 4378 559 4431 ptg.
579 4362 638 4416 800.
