2798 4838
588 251 818 328 -aes-
911 180 916 211 ’

135 398 255 463 limitee
278 395 518 463 constituendoc
549 416 628 480 quoe
652 418 690 460 eo
713 400 814 480 magia
838 419 957 481 ponera
986 420 1156 465 neccarum
1186 401 1257 480 luit,

137 504 222 588 qnod
243 505 360 587 partlm
389 524 427 568 er
457 524 520 566 non
550 504 693 566 delinitis
723 506 803 566 eatis
831 504 1034 568 dominorum
1067 510 1258 570 terrestrium

137 613 232 675 etlam
264 611 296 673 lu
323 613 420 674 rebua
450 608 669 692 religionarilr
698 611 824 672 iuribus
847 616 978 674 cornetae
1002 613 1062 674 bae
1083 619 1258 675 connover·

136 719 203 781 alae
225 705 454 798 proflur'rerlnl,
487 718 604 798 partlm
633 719 674 778 ob
697 717 851 779 excitator
883 737 942 797 per
964 719 1187 781 Protcalantes
1216 720 1259 781 bie

55 898 57 902 ¹
135 823 353 903 religionarlle
374 823 592 903 praetextibus
615 828 740 897 motus,
763 822 862 884 boene
883 830 916 884 et
934 823 1114 886 Terrarum
1137 830 1171 887 et
1192 823 1260 887 uai-

135 927 241 1010 lorum
261 926 460 1008 aliorumque
482 928 642 1008 Augustae
665 930 785 991 Domus
807 929 996 998 Austrlacae
1015 936 1101 1010 ,tunc
1122 930 1260 992 inimico·
1294 1010 1297 1017 Ι

134 1056 206 1098 rum
228 1031 532 1112 anxilllreuil'nltoe,
555 1034 676 1097 maiora
692 1032 775 1096 mala
790 1040 938 1097 secutura
958 1042 1184 1117 praevertere,
1204 1055 1257 1117 pu·

137 1140 319 1220 blicamque
340 1137 605 1220 tranquillitatem
637 1140 807 1202 restituere
839 1143 1035 1219 oportuerit3
1068 1139 1166 1204 rimnl
1194 1160 1258 1204 vero

148 1246 342 1328 providere,
375 1265 415 1307 ue
446 1264 505 1327 per
527 1243 920 1326 irreatrictumpnblicum
943 1245 1079 1308 aliarum
1102 1249 1200 1309 etlam
1218 1265 1258 1308 re-

32 1362 34 1366 “
72 1378 74 1384 ’
135 1349 290 1432 ligiouum
313 1351 500 1412 exercitium
514 1348 696 1427 ,dominanti
725 1351 923 1414 orthodoxae
948 1350 1113 1432 Religioni
1143 1353 1258 1433 gravior

132 1455 250 1518 eulnue
269 1456 438 1547 inferatur.
462 1455 608 1519 Articulo
630 1438 740 1537 ltaque
757 1457 857 1520 XXV.
881 1456 1047 1519 Atticulae
1075 1464 1103 1519 l.
1125 1478 1155 1519 a.
1180 1463 1258 1520 loos.

135 1562 360 1645 confirmatur,
391 1560 536 1642 adeoque
565 1563 751 1642 Augustaua
780 1569 814 1624 et
841 1561 1007 1626 Helvetico
1038 1563 1258 1626 confessione·
1297 1550 1301 1653 l

135 1665 221 1729 ultro
246 1666 373 1749 quoque
394 1668 478 1730 intra
503 1669 655 1730 ambitum
674 1668 778 1748 Regni
795 1669 976 1748 Hungarlae
994 1675 1168 1751 receptae,
1190 1668 1258 1730 llbe-

134 1792 267 1855 rnmque
289 1772 424 1836 cullibet
442 1780 605 1854 privatam
635 1773 803 1858 religionis
835 1770 1153 1855 nrae'exereltlum,
1185 1781 1259 1837 ratae
1299 1770 1301 1843 s

135 1888 241 1942 tomen
261 1883 333 1940 lure
354 1869 556 1941 dominorum
578 1885 798 1958 correctricem,
811 1882 845 1951 (a
865 1900 927 1961 quo
947 1880 1056 1942 Statue
1081 1886 1114 1942 et
1132 1879 1259 1943 Ordine·

98 1997 103 2005 '
136 1985 239 2066 Regni
263 1985 420 2047 dimoveri
441 2005 510 2048 non
525 1991 692 2066 poterant,
716 1984 887 2065 quodhoc
909 1987 1114 2065 potissimum
1148 1987 1258 2069 praeei-
1299 1990 1301 1999 '

134 2089 190 2152 dio
222 2089 485 2154 Aeatholicorum
516 2111 569 2153 rer
601 2091 809 2163 increverint)
846 2090 1040 2169 admlrsum,
1083 2099 1259 2173 cautumque

7 2192 19 2276 j
135 2195 218 2275 tuit,
240 2216 280 2258 ue
304 2197 346 2259 ad
368 2198 563 2259 ceremoniae
589 2196 788 2259 conleeeionl
811 2216 888 2258 auae
910 2197 1090 2259 contrariae
1113 2195 1259 2260 acatboll·

136 2304 165 2364 ol
185 2300 439 2384 compellantur.
463 2300 607 2366 Articnlo
636 2312 741 2365 autem
770 2301 885 2365 xxvi.
911 2307 1077 2380 publicum
1105 2301 1258 2385 religiorir

136 2407 322 2472 exercitium
343 2408 387 2471 ita
410 2407 579 2470 limitatum
602 2409 683 2486 luit,
708 2415 741 2470 ut
762 2409 795 2469 in
816 2409 871 2470 xi.
895 2408 1132 2488 comitatibus,
1163 2414 1259 2490 utpote

133 2514 348 2594 Poeonieoei,
382 2516 558 2594 Nitrlenri‚
589 2516 785 2591 Bareienei,
816 2511 980 2593 Zolienei,
1014 2514 1257 2591 Thurdezleoai,
1299 2542 1301 2609 j

135 2621 355 2701 Liptoviensl,
388 2622 655 2699 Trenelrinienel,
687 2620 913 2700 Scepueicuei,
945 2619 1181 2700 Sopronienei,
1210 2621 1256 2682 Ar·

136 2728 224 2788 venel
248 2733 438 2789 articulario
459 2732 548 2805 toea,
570 2729 603 2787 lu
627 2728 743 2807 quibus
767 2725 927 2806 publicum
948 2724 1119 2805 religioni·
1155 2725 1257 2788 exerci-
1299 2730 1301 2789 l

135 2834 215 2894 tium
239 2834 463 2895 Proteetanter
475 2834 630 2911 habeant,
653 2834 804 2912 specifice
824 2831 1024 2893 denominata
1043 2834 1122 2910 rint,
1146 2835 1181 2895 in
1198 2831 1256 2894 allia

134 2958 207 3000 vero
224 2939 306 3001 xix.
318 2939 550 3016 comitatibus,
569 2939 613 2999 uli
625 2936 831 3014 Zaladiensi,
855 2937 1146 3018 Weszprlmlensi,
1169 2937 1257 2999 Jaorl·
1299 3008 1301 3017 Ι

133 3046 244 3122 nenri,
269 3045 542 3120 Comaromiensi,
566 3044 828 3124 Abaujvdrienei,
859 3042 1062 3121 Seirorlensi,
1096 3042 1257 3126 Zemplinl·
1298 3048 1301 3123 l

135 3126 224 3226 ensi,
246 3149 499 3228 Neogradienei,
528 3149 706 3226 Honten‘si,
740 3148 964 3230 iidmilrleuri,
995 3146 1183 3227 Tornenei,
1210 3148 1257 3208 Pe
1298 3168 1301 3177 ·

137 3254 269 3331 eliensi,
300 3255 502 3334 Ugoceenei,
534 3255 765 3334 Bereglrienri,
796 3251 1021 3330 Boreodlenei,
1063 3250 1257 3331 Heveelenrl,

137 3359 391 3439 Unghvariensi,
415 3359 647 3443 Zabolebenei,
670 3358 922 3421 Szathmarienei
941 3357 1105 3438 elquldem
1124 3359 1167 3421 de
1182 3376 1257 3439 prae

135 3466 218 3527 senti
251 3463 360 3528 creent
390 3467 423 3528 ln
453 3465 573 3529 actuali
603 3485 662 3527 ueu
684 3467 825 3526 omnium
847 3464 915 3525 fere
937 3463 1134 3544 templorum
1156 3462 1258 3526 ibideu

134 3573 339 3652 habitorum,
361 3572 436 3634 ideo
460 3572 571 3634 eadem
593 3591 653 3651 pro
675 3569 856 3632 actualibus
888 3569 1073 3631 eorumdem
1104 3585 1257 3652 porrecto

132 3681 222 3741 ribus
246 3679 389 3742 uruanda
420 3677 533 3740 relicta
563 3678 702 3751 fuerint3
733 3676 880 3756 idemque
909 3673 1076 3757 publicum
1106 3672 1258 3757 religionis

132 3786 319 3846 exercitium
343 3784 383 3847 ad
414 3782 567 3846 nonnulla
600 3784 696 3844 etiam
725 3779 797 3844 loca
819 3783 1008 3843 conliniaria
1033 3802 1095 3860 pro
1118 3781 1258 3844 militibur

132 3889 315 3968 Raugonia,
338 3889 432 3952 etad
456 3896 559 3952 certae
582 3887 718 3949 Liberae
739 3888 893 3949 Civitates
912 3888 1088 3950 Montanus
1111 3895 1258 3950 exeram

134 3994 266 4056 exstitit.
293 3999 338 4059 lle
359 3994 433 4057 alite
454 3996 668 4058 Comitatibua
696 4015 733 4055 ac
756 3993 970 4072 Civitatibus,
1004 4013 1088 4073 quae
1115 4001 1190 4055 tunc
1212 3988 1257 4052 erl
1298 3992 1301 4037 ἑ

136 4099 274 4161 Turclco
307 4100 470 4164 dominatu
502 4101 607 4165 adhuc
638 4101 824 4181 gemebant,
853 4097 940 4160 nulla
970 4099 1002 4159 ln
1032 4100 1099 4161 boc
1129 4093 1256 4162 Articolr
1298 4052 1301 4135 l

136 4207 254 4269 mentio
279 4207 383 4288 lacta,
405 4208 463 4270 sed
487 4208 693 4287 Magnetibus
725 4211 757 4268 et
779 4203 953 4268 Nobilibus
982 4205 1016 4266 ln
1049 4206 1192 4287 proprii·
1216 4217 1255 4262 re

132 4311 279 4375 ridentiis
304 4312 422 4378 sacella
447 4322 479 4376 el
503 4314 652 4376 Oratoria
675 4332 735 4394 pro
759 4331 818 4374 ιιιιι
842 4292 1173 4394 proprlo'aedificare
1195 4324 1253 4372 ceu·
