2798 4838
559 273 789 348 ..267-

113 418 230 483 losum
262 437 353 499 esse,
383 414 443 483 sed
482 419 727 501 concessiones,
766 437 845 502 quus
876 415 1012 484 Praeses
1045 413 1245 498 Provinciis

113 525 276 589 iheuanae
297 522 382 588 ultra
402 529 531 588 tenores
553 522 605 588 vel
624 525 728 610 ipsius
752 525 980 589 Consentionis
1012 524 1232 591 iiorolineusis

113 631 172 694 ieri
196 627 402 711 postulabat,
424 651 444 694 a
467 628 612 722 sesalva
633 631 829 695 conscientia
850 637 894 694 et¹
911 627 1078 695 Ecclesiae
1110 630 1233 696 doctri·
1366 697 1368 703 ,

113 756 142 800 ιι
163 735 295 799 admitti
315 757 379 799 uon
400 737 557 820 potuisse.
579 738 614 799 in
636 737 689 801 his
710 735 822 815 iliteris
852 734 889 799 id
918 735 1024 802 adhuc
1053 744 1232 803 memoratu

113 840 234 923 dignum
258 843 409 905 occurrit
431 842 717 926 Archlepiscopum
740 840 923 923 declarare,
958 861 1014 923 se,
1042 841 1119 906 dum
1149 861 1232 906 auno

119 952 200 1011 iseo.
228 967 290 1028 per
319 949 506 1011 Ministrum
533 956 745 1031 provocatus,
775 948 815 1013 de
850 949 1067 1013 conventione
1108 945 1233 1012 Beroli·

118 1055 196 1116 uensi
219 1072 411 1136 responsum
443 1053 603 1134 dedisset,
632 1054 714 1118 hano
735 1074 799 1117 non
829 1055 975 1135 novisse,
1004 1057 1112 1118 verum
1140 1054 1234 1117 unice

120 1159 271 1240 llinistri,
292 1157 383 1222 illam
403 1161 500 1223 Brevi
522 1161 694 1224 Pontificio
716 1160 913 1224 conformem
930 1157 1145 1241 declarantis,
1162 1177 1233 1224 ver-

120 1266 157 1328 iis
177 1264 334 1345 fidendo,
357 1267 589 1351 spopondisse,
612 1268 652 1330 ab
675 1286 710 1329 se
732 1265 864 1331 eandem
886 1268 1088 1330 observatum
1101 1266 1155 1330 iri.
1170 1262 1233 1340 ⁵¹⁸)

206 1372 348 1454 Accepto
370 1373 618 1455 Archiepiscopi
646 1393 803 1456 responso
832 1371 984 1436 Minister
1013 1391 1075 1454 ope
1103 1372 1233 1435 Rescri-
1290 1368 1294 1389 ²

121 1477 154 1557 pti
173 1475 213 1538 de
237 1482 288 1540 13.
311 1476 407 1541 Mart.
432 1483 524 1542 1837.
551 1476 655 1540 eidem
676 1479 854 1543 intimavits
875 1478 1009 1559 probari
1039 1476 1127 1539 haud
1156 1495 1234 1559 pos-

121 1600 160 1662 se,
181 1580 268 1662 quod
289 1584 319 1647 is
340 1584 374 1645 in
396 1585 465 1646 suis
487 1584 530 1647 ad
550 1585 776 1666 Praepositum
799 1585 1092 1666 Aquisgraueusem
1125 1579 1232 1645 literis

121 1685 328 1770 disposuerit,
359 1691 526 1752 occasione
557 1690 793 1754 benedictionis
824 1708 1054 1772 puerperarum
1082 1688 1135 1750 his
1165 1705 1232 1749 ma-

121 1793 291 1856 trimonium
319 1795 452 1858 mixtum
481 1796 726 1877 improbandum
767 1816 855 1861 esses
885 1794 921 1858 id
950 1793 1033 1857 enim
1064 1811 1230 1856 censuram
1348 1875 1350 1881 Α

120 1917 242 1983 sapere,
263 1919 321 1983 per
341 1903 448 1985 ipsum
469 1903 569 1965 Breve
590 1903 798 1984 prohibitam.
823 1896 886 1976 ⁵¹⁴)

129 2048 132 2054 .
206 2007 335 2069 Primae
356 2009 418 2071 hae
439 2007 748 2089 correspondentiae
766 2011 851 2073 inter
870 2005 992 2070 limites
1015 2006 1231 2070 confidentiae

122 2109 211 2174 adhuc
244 2133 316 2176 sese
347 2116 589 2178 continuerunt:
617 2122 670 2194 at,
704 2134 785 2197 quae
816 2115 969 2195 deinceps
999 2116 1232 2198 sequebantur,

122 2219 294 2298 gravissima
324 2219 609 2302 funestissimaque
644 2227 721 2303 post
748 2240 783 2283 se
822 2226 986 2284 traxerunt
1023 2221 1231 2283 consectaria.

123 2322 188 2386 cum
209 2343 323 2406 nempe
346 2323 494 2406 querelae
516 2333 549 2390 et
570 2328 752 2410 gravamina
773 2325 925 2390 adversus
956 2328 1080 2411 praxim
1102 2328 1142 2391 ab
1167 2327 1229 2391 Ar-

123 2427 314 2513 thiepisoopo
336 2431 370 2492 in
392 2432 570 2495 tractandis
591 2434 700 2496 mixtis
730 2432 850 2517 nuptiis
879 2439 1036 2497 servatam
1066 2452 1131 2495 non
1160 2451 1230 2495 ces-

122 2541 235 2616 sarent,
259 2535 784 2620 sedincrescereut31nsuperin
808 2535 923 2602 exteris
947 2540 1041 2602 etiam
1072 2537 1233 2621 Epheme-

121 2627 253 2722 ¹rltlibus,
275 2643 441 2723 signanter
461 2646 615 2725 Belgicis,
636 2643 737 2707 multa
760 2643 800 2706 de
822 2642 990 2707 collisione
1008 2644 1233 2726 Archiepi'sco-

121 2747 146 2823 pl
164 2749 363 2841 cumdiegio
385 2749 569 2812 Ministerio
600 2748 826 2830 vulgarentur,
858 2748 984 2811 demum
1016 2753 1047 2810 ct
1076 2753 1233 2812 retracta-

122 2853 155 2915 tio
177 2855 336 2936 Episcopi
367 2854 568 2917 Trevireusis
598 2874 661 2917 non
691 2854 853 2917 modicum
882 2856 1037 2917 influxum
1068 2855 1232 2917 intutam
1271 2880 1276 2886 ·

120 2955 190 3022 lenc
213 2962 431 3040 quaestionem
455 2967 634 3023 exsererets
658 2961 854 3023 (iubemium
875 2961 915 3023 it.
932 2960 1139 3024 Borussicum
1156 2979 1233 3025 oon-

119 3066 300 3128 trovorsiaus
321 3085 382 3146 quo
397 3088 502 3149 ocyus
524 3066 566 3130 ad
589 3068 707 3130 exitum
733 3065 971 3148 perducendam
1001 3065 1233 3130 determinavit.

119 3171 221 3251 Quare·
239 3176 350 3236 Comes
362 3193 383 3234 a
400 3179 560 3255 Stolderp,
582 3174 761 3254 Regiminis
784 3170 988 3236 tloloniensis
1006 3162 1162 3251 Praeses,
1175 3192 1235 3244 no·

118 3279 194 3340 nine
216 3279 319 3359 Regio
349 3277 391 3341 ad
421 3280 708 3361 Archiepiscopum
739 3280 934 3360 emittitur,
965 3284 1001 3341 ut
1031 3278 1164 3343 eundem
1194 3279 1237 3342 ad

118 3382 331 3468 amplectenda
354 3383 494 3447 consilia'
503 3388 638 3467 pacifica
656 3392 846 3465 permoveat.
865 3384 936 3447 Non
948 3385 1123 3448 intermisit
1139 3386 1235 3473 (lom-

119 3491 277 3553 missarius
298 3492 421 3571 Regius
449 3510 509 3571 per
535 3489 653 3553 literas
669 3489 723 3553 dd.
756 3496 805 3553 17.
836 3491 1014 3572 Septembr.
1047 3495 1139 3552 1887.
1161 3511 1236 3571 par-

119 3592 184 3674 tlm,
207 3597 326 3678 partim
348 3594 469 3659 oralem
500 3595 733 3659 conferentiam
761 3615 833 3658 cum
860 3592 1009 3659 Praelato
1042 3594 1153 3659 eadem
1185 3594 1237 3657 die
1334 3634 1338 3643 v

178 3786 248 3854 eis)
267 3792 309 3842 Ex
322 3788 505 3852 responsoriis
525 3801 631 3856 quoque
650 3784 738 3840 literis
752 3787 960 3851 Arehiepiscopi
975 3787 1085 3839 nonnisi
1102 3788 1239 3853 fragmen·
1298 3854 1299 3857 Ἴ

145 3888 202 3935 tum
219 3883 304 3935 edidit
322 3888 415 3934 auctor
440 3881 580 3932 memorati
607 3880 698 3943 operis
718 3880 832 3930 officiosi
857 3894 916 3941 ιιι.
934 3876 983 3931 80.
1001 3880 1072 3931 Bes'l.
1090 3880 1131 3929 Ex
1148 3880 1240 3942 Epire-

144 3975 293 4026 meridibus
327 3971 587 4036 Herbipoleusibusr
613 3974 688 4023 Nesse
716 3971 1041 4034 Wsirsburper'zettssoo.
1075 3971 1101 4022 1.
1128 3970 1237 4020 Josscr

145 4061 236 4117 isse.
262 4066 405 4117 discimus:
424 4067 458 4116 ιιι
476 4066 562 4115 minas
588 4064 707 4116 Ministri
732 4065 909 4127 respondisse
935 4060 1106 4114 Praelatums
1127 4077 1158 4114 so
1177 4074 1240 4111 non·

146 4160 273 4222 credere,
289 4164 320 4209 ut
336 4160 393 4209 lior
419 4154 562 4208 Ecclesiae
586 4155 761 4222 Catholicae,
780 4170 941 4209 numerosos
959 4156 987 4206 iu
1004 4153 1137 4205 Borussis
1155 4159 1242 4204 seots-

147 4253 219 4301 tores
238 4251 361 4314 habenti,
380 4251 490 4303 adversi
508 4250 572 4311 quid
589 4249 714 4304 intentet.
812 4281 814 4285 ψ

181 4336 249 4406 ιιι)
267 4342 378 4398 Literse
395 4344 447 4398 ιιι
464 4341 638 4398 contuentur
655 4343 684 4395 iu
703 4355 802 4404 operes
819 4342 973 4403 Doricam
989 4343 1038 4392 etc.
1057 4337 1128 4388 Brit.
1138 4349 1175 4394 v.
1196 4331 1243 4386 ιι
