2782 4830
583 225 812 303 „450-

129 375 297 460 gionis,
326 381 420 457 atque
439 375 525 437 intra
547 374 700 438 ambitum
722 373 827 454 Regni
849 373 1033 455 ilungariao
1065 368 1178 437 solum·
1191 375 1241 437 eri-

105 483 309 561 uenatus,
330 485 523 544 oneratione
544 485 706 558 roligionis
735 480 875 566 admisit.
908 482 971 561 Qui
1002 480 1077 548 dein
1100 479 1244 543 Articulus

130 590 190 655 sub
208 587 362 658 comitiis,
394 607 423 650 a.
457 589 550 649 1608.
582 592 656 647 ante
687 588 926 649 coronationem
956 585 1106 650 Articulo
1137 607 1246 648 rursum

130 696 236 778 primo
258 694 406 775 sequenti
428 692 762 756 tenore-confirmatus
783 691 863 754 fuit:
897 701 932 754 ut
945 690 1125 774 ‚religionis
1147 693 1272 785 exera-¹

129 799 210 865 tium
231 804 306 861 -tam
326 799 528 877 Batonibus,
557 797 784 877 Magnetibus,
815 804 846 862 et
868 797 1059 874 Nobilibus,
1091 815 1185 878 qnam
1204 797 1249 859 Li·

128 905 216 969 beris
239 905 454 984 civitatibus,
481 923 519 965 ac
542 904 700 965 universis
723 903 866 965 Statibus
888 903 994 985 Regni
1017 906 1049 966 in
1068 905 1140 966 suia
1155 924 1190 966 ac
1204 905 1250 967 ii-

132 1011 180 1075 rci
201 1011 315 1089 bonis,
345 1010 423 1073 item
453 1009 488 1070 in
518 1010 667 1072 confiniis
698 1009 803 1090 ltegni
831 1007 989 1075 militibus
1012 1010 1177 1091 ilungaris
1204 1029 1251 1071 sna

132 1112 386 1196 cuique-religio
409 1120 441 1178 et
463 1113 642 1194 confessio,
671 1133 729 1176 nec
760 1134 823 1177 non
846 1115 985 1196 Oppidia
1017 1123 1050 1177 et
1079 1113 1167 1179 villis
1195 1134 1250 1179 ean

130 1226 247 1300 sponte
269 1226 303 1288 et
322 1218 426 1285 libere
446 1227 614 1302 acceptare
636 1219 838 1304 volentibus,
855 1222 986 1302 ¹ultique
1008 1219 1148 1284 liberam
1168 1219 1251 1284 relin-

131 1333 269 1407 quetur,
301 1346 361 1391 noc
392 1327 559 1408 quisquam
588 1327 622 1388 in
652 1346 689 1387 co
713 1346 731 1387 a
754 1345 913 1406 quoquam
935 1327 1155 1408 impediatur,
1189 1326 1251 1407 qun

130 1432 196 1499 imo
219 1431 261 1496 ad
282 1432 503 1512 praecavenda
523 1433 609 1518 inter
631 1431 741 1495 Status
772 1440 805 1494 et
826 1432 963 1494 Ordines
987 1431 1063 1495 odia
1085 1439 1120 1495 et
1141 1432 1252 1495 disson·

130 1527 263 1616 aiones,
286 1536 449 1620 quaelibet
469 1536 599 1618 Religio
622 1557 699 1600 suae
728 1537 941 1618 professionis
971 1539 1180 1619 superiores,
1208 1555 1252 1599 seu

70 1645 72 1649 ’
133 1643 438 1725 Superintendentea
461 1643 587 1706 lrabeat.
611 1644 701 1706 Auno
723 1643 823 1724 igitur
845 1651 1018 1707 memorato
1035 1645 1176 1725 primum
1190 1663 1251 1705 con

132 1749 200 1817 dita
223 1756 273 1814 est
292 1747 363 1813 lex:
385 1770 444 1832 per
466 1769 561 1830 quam
582 1753 716 1812 liberum
731 1748 900 1830 religionis
919 1751 1109 1813 exercitium
1127 1769 1186 1829 pro
1201 1749 1253 1845 lie·

130 1874 195 1936 gno
217 1856 401 1936 Hungariae
422 1856 628 1936 Angustauao
658 1861 689 1917 et
718 1853 904 1919 Helveticae
934 1856 1147 1920 confessioni
1177 1852 1253 1916 addi·

130 1962 192 2023 ctis
214 1960 389 2025 admissum
410 1960 495 2039 fuit,
526 1968 558 2022 et
587 1962 620 2022 iu
652 1979 714 2040 qua
736 1982 846 2024 omnes
876 1964 1055 2043 subsequae
1079 1963 1253 2024 Protestan·

128 2066 209 2129 tium
230 2069 470 2148 praetenslones
492 2066 676 2128 fundantur.
700 2067 850 2130 Stabilita
873 2065 983 2131 taliter
998 2069 1032 2128 in
1046 2068 1164 2148 Regno
1181 2072 1253 2128 utra·

131 2191 193 2252 que
224 2172 457 2250 confessione,
489 2191 619 2253 sperare
650 2168 765 2252 licuit,
798 2192 909 2252 pacem
937 2179 968 2235 et
1000 2170 1253 2254 tranquillitatem

130 2274 291 2358 publicam
313 2278 450 2341 tirmiter
470 2279 694 2359 perstiturom3
718 2285 769 2341 ast
789 2278 901 2356 aliter,
932 2298 1026 2360 quam
1058 2280 1254 2358 sperabatur,

132 2385 246 2446 evcnit.
278 2383 357 2447 Nam
380 2402 500 2464 paucos
522 2389 596 2465 post
618 2404 719 2446 annos
740 2389 854 2449 tornac
873 2370 1105 2452 Betttcm'aooe
1140 2360 1254 2448 exortae

130 2494 223 2568 aaut,
251 2508 289 2551 ao
312 2497 418 2551 cetera
440 2489 524 2550 inter
544 2494 674 2552 libertos
694 2493 873 2576 religionis,
896 2496 1056 2569 tamqnam
1084 2495 1253 2572 praetextus

130 2593 346 2659 novandarum
361 2615 488 2673 rerum,
507 2601 665 2657 assumta:
684 2596 854 2659 manifesto
876 2595 1018 2674 indicio,
1036 2599 1192 2665 ambitum
1207 2594 1253 2657 do·

129 2699 290 2779 minandi,
322 2721 387 2763 non
415 2697 597 2774 libertatem
626 2700 794 2782 religionis
824 2702 1028 2782 vindicandi,
1061 2724 1170 2766 veram
1196 2720 1251 2764 mo·

130 2813 218 2869 tuum
242 2825 370 2870 causam
390 2805 513 2887 fuisse,
537 2808 671 2870 acideo
696 2808 856 2869 exhibitos
879 2809 1251 2873 inPaciiicationeVien·

17 2928 28 2979 ’,
129 2913 222 2986 nansi
251 2912 377 2976 favores
396 2933 470 2974 -non
499 2934 591 2994 euru,
624 2915 679 2995 qui
710 2902 918 2994 sperabatur,
956 2913 1146 2996 diuturnum
1177 2914 1249 2998 pacis

129 3018 268 3081 fructum
290 3014 448 3082 attulisse.
481 3021 658 3082 Occasione
681 3021 844 3082 turbarum
864 3021 998 3082 istarum
1030 3023 1187 3084 saevitum
1213 3023 1250 3080 est
1290 3052 1292 3083 ÷

130 3141 190 3202 per
208 3125 433 3185 Protestantes
456 3132 519 3193 tam
543 3124 771 3203 intoleranter,
797 3132 832 3187 ut
853 3125 957 3207 pulsis
971 3133 1025 3189 aut
1043 3129 1185 3209 pessimo
1198 3132 1247 3188 tra·

99 3277 100 3280 ,
131 3227 226 3289 etatis
245 3226 511 3309 ,Ecclesiasticim
534 3233 700 3310 occupatis
724 3229 873 3311 templis,
896 3233 1015 3313 primas
1041 3235 1141 3297 etiam
1157 3231 1246 3295 catis·

131 3331 212 3396 licas
234 3332 376 3410 familias
397 3335 429 3397 in
454 3335 583 3398 exitium
602 3344 745 3416 agerent.
767 3337 895 3401 Sedatia
915 3337 989 3399 dein
1007 3335 1245 3420 motibus,'plr·

130 3430 183 3501 re's
205 3436 401 3503 illustriores
423 3440 585 3524 familiae,
618 3463 750 3524 quarum
772 3444 901 3507 oirciter
923 3445 1158 3527 quinquaginta
1185 3451 1245 3506 ten·

129 3547 264 3626 poribus
288 3550 469 3608 carrinatis
498 3568 519 3608 o
538 3544 706 3629 *szmdoy
735 3550 920 3631 Allpiscopi
942 3551 1179 3631 strigoniensis
1202 3564 1244 3609 nor

131 3654 352 3730 morabantur,
376 3653 416 3716 ad
435 3653 539 3714 sinum
562 3653 758 3716 orthodoxae
768 3653 949 3735 Religionis
963 3655 1150 3738 redierunt,
1173 3654 1244 3720 salto·

129 3755 180 3821 lae
203 3758 383 3822 catholicae
406 3758 631 3849 introductae,
653 3761 811 3842 Episcopi
833 3760 876 3822 ad
897 3781 970 3825 suas
992 3762 1184 3831 residentiae
1208 3760 1244 3821 ir·

132 3863 228 3943 viati,
251 3865 425 3928 Curionum
448 3871 481 3926 ct
501 3863 740 3945 Religiosorum
770 3887 919 3930 numerus
941 3876 1074 3945 auctus3
1107 3869 1165 3933 aed
1192 3880 1244 3929 oon

130 3968 241 4030 Status
264 3975 296 4030 et
319 3970 458 4035 Ordines
481 3970 523 4034 ad
546 3973 651 4033 sinain
671 3971 839 4036 Ecclesiae
861 3975 1003 4062 reversi,
1026 3977 1061 4036 in
1085 3977 1153 4039 onis
1171 3974 1245 4036 etlan

72 4068 78 4077 '
131 4074 226 4136 bonis
248 4072 456 4139 fundamento
480 4076 698 4141 clausulae'in
716 4079 864 4143 Articnlo
886 4083 1066 4161 praecitato
1088 4083 1245 4154 contentae,

129 4179 339 4245 orthodoxam
361 4180 553 4262 religionem
575 4205 752 4268 propagare
784 4187 970 4271 studerent,
1000 4186 1191 4252 multifariae
1207 4183 1244 4245 io·

125 4292 177 4349 ter
197 4283 274 4352 illos
297 4295 330 4351 ct
352 4288 573 4354 Protestantes
597 4291 636 4354 de
659 4289 813 4373 qualitate
836 4293 971 4360 admissi
1001 4291 1100 4360 liberi
1132 4290 1244 4374 religio·
