2798 4838
615 502 651 598 q.
681 503 767 575 sss.

112 634 114 636 ,
128 664 364 738 Episcopus
381 661 646 724 narnensis
662 663 710 722 Ιιι
724 660 906 720 meniu
919 658 1071 719 mortis
1089 661 1253 728 ιιιιιοιιι,

129 771 241 828 quse
258 757 453 829 impulsu
468 755 675 815 nuper-nu
691 754 816 824 leogii
832 753 881 812 ln
906 752 1087 811 moterlo
1109 751 1254 809 mixto·

129 863 228 907 rum
261 851 387 906 metr.
414 847 462 905 in
488 849 714 907 obversum
747 846 899 906 Brevis
923 842 993 903 1³11
1015 846 1129 902 vm.
1155 844 1256 913 egis,

97 934 337 1001 'retrusas
359 941 407 998 tn
424 939 563 998 literis
587 942 657 998 dn.
686 944 753 999 it).
779 942 877 998 Nov-
906 941 1031 997 1880.
1059 938 1116 995 ιιιῑ
1139 937 1257 994 Sum·

414 1045 533 1091 ιιιιιιιι
551 1030 801 1094 Pontificem
817 1030 976 1090 musis.

236 1175 285 1256 Ex
305 1191 368 1272 iis,
391 1212 472 1274 quae
494 1195 527 1254 iu
548 1193 811 1255 antecedentibus
834 1191 931 1254 ductu
953 1193 1105 1253 Actorum
1139 1188 1260 1250 cilicio·

134 1318 265 1381 sorum,
288 1304 320 1359 et
341 1298 525 1360 testimonio
547 1297 878 1380 iidedignissimorum
901 1297 1093 1379 scriptorum
1125 1292 1262 1357 relatae

133 1404 228 1467 nobis
251 1408 343 1483 suut,
365 1404 445 1467 satis
467 1410 620 1487 apparete
649 1411 716 1467 tum
745 1401 872 1485 qualem
902 1402 1017 1483 agendi
1045 1402 1206 1464 rationem
1232 1399 1262 1460 in

135 1517 205 1572 toto
229 1509 291 1571 hoe
312 1510 442 1589 negotio
465 1511 620 1590 Regimen
641 1511 851 1573 Borussicum
873 1508 979 1571 medio
1002 1508 1117 1588 Legati
1138 1507 1262 1569 Bunseu

138 1616 293 1689 tenuerit;
323 1618 392 1676 tum
422 1614 455 1676 in
478 1617 586 1697 specie
615 1613 750 1695 qualiter
779 1615 866 1676 idem
899 1614 1096 1676 Gubernium
1127 1617 1265 1698 secretae

136 1718 359 1783 instructionis
390 1725 483 1802 atque
515 1721 744 1783 Conventionis
775 1721 975 1783 existentiam
1006 1739 1115 1783 coram
1138 1719 1262 1781 Summo

136 1826 293 1888 Pontifice
323 1822 448 1906 celare,
483 1832 514 1887 et
544 1827 711 1907 genuinam
740 1827 959 1906 sinceramque
989 1844 1096 1887 rerum
1125 1820 1267 1887 Bsrolioi

67 1962 70 1969 ’
138 1937 301 2013 gestarum
322 1931 438 1994 seriem
460 1930 555 1994 Sedis
578 1931 784 2014 Apostolicas
806 1932 982 2014 cognitioni
1004 1929 1182 1993 subducere
1207 1947 1265 1989 non

140 2036 350 2099 exhorruerit.
374 2035 441 2099 Sed
460 2057 525 2099 non
549 2036 604 2100 diu
626 2036 719 2100 licuit
740 2036 859 2100 callida
882 2035 1084 2116 simulatione
1105 2036 1165 2097 nti.
1195 2033 1267 2094 Nam

146 2142 248 2205 Sedes
280 2139 467 2220 Apostolica
498 2163 562 2205 nou
592 2142 694 2206 multo
725 2148 802 2223 post
824 2145 857 2206 ln
882 2142 1090 2223 adaequatam
1113 2139 1266 2221 cognitio·

144 2267 218 2310 nem
241 2266 371 2327 sorum,
393 2266 475 2329 quse
497 2250 652 2332 Episcopi
680 2251 853 2312 Borussiae
876 2249 1048 2311 Rhenanae
1070 2266 1129 2328 per
1152 2246 1267 2307 Guber-

141 2354 229 2417 nium
248 2352 352 2416 coacti
374 2358 407 2416 et
426 2354 459 2415 in
482 2360 698 2417 transversum
720 2356 784 2417 acti
805 2357 839 2417 in
869 2352 1103 2436 praeiudicium
1135 2351 1268 2414 sanctio·

139 2450 225 2520 nnus
247 2458 469 2521 canonicarum
500 2461 586 2523 circa
616 2462 817 2523 matrimonia
845 2460 943 2523 mixta
972 2460 1056 2521 inter
1079 2477 1114 2520 se
1145 2464 1177 2519 et
1206 2474 1271 2518 eum

143 2564 307 2627 (iuhernio
337 2566 589 2646 constituerunt,
620 2564 777 2647 singulari
807 2568 857 2630 via
889 2565 1024 2628 devenit.
1057 2566 1152 2627 circa
1182 2564 1270 2624 finem

143 2670 294 2733 nimirum
316 2671 390 2732 anni
414 2675 506 2733 1836.
530 2670 674 2753 adeoque
696 2675 805 2753 prius,
839 2692 932 2753 equam
956 2671 1125 2732 officiosae
1147 2667 1272 2732 relatio·

142 2796 200 2840 nes
229 2777 467 2858 Episcoporum
499 2777 629 2839 Summo
662 2778 813 2840 Pontifici
845 2798 902 2858 per
931 2778 1119 2840 Ministrum
1149 2778 1271 2838 Bunsen

144 2882 292 2945 redditae
316 2890 443 2967 essent,
464 2880 588 2965 perlata
610 2882 674 2945 fnit
695 2885 831 2945 Romam
855 2880 992 2964 epistola
1014 2883 1034 2944 J
1044 2880 1206 2962 osepbi
1231 2879 1274 2941 ab

147 2991 341 3052 Hommer
369 2993 519 3067 Episcopi
541 2994 739 3051 trevirensis
760 2990 811 3052 10.
830 2989 910 3050 Νοι.
936 2993 1028 3051 1836.
1052 2987 1178 3066 signata
1199 2982 1274 3057 505)ι

31 3115 33 3123 ·
146 3096 180 3157 ln
204 3113 265 3175 qua
287 3092 451 3155 Summum
473 3093 663 3157 Pontificem
694 3093 735 3155 de
765 3099 834 3156 tota
862 3114 969 3156 rerum
993 3098 1157 3174 gestarum
1179 3091 1274 3166 serie,

149 3198 276 3262 adiecto
300 3216 425 3279 quoque
448 3198 591 3261 famose
601 3200 824 3261 instructionis
846 3200 1031 3261 authentico
1056 3198 1148 3282 pari,
1171 3196 1274 3278 genui·

148 3325 188 3369 ne
209 3303 380 3383 informat,
396 3308 429 3366 et
451 3306 639 3367 confitetur:
656 3306 745 3386 Rege
767 3310 899 3386 urgente
912 3305 1141 3385 AEpiscopum
1156 3296 1274 3384 Spiegel

150 3430 221 3473 cum
242 3411 392 3473 Ministro
415 3410 455 3472 B.
478 3412 607 3474 Buusen
629 3413 729 3474 Brevi
746 3408 935 3492 Apostolico
957 3411 1009 3472 Pii
1018 3409 1103 3474 Vlll.
1127 3406 1274 3471 leniorem

150 3517 348 3581 mitioremve
378 3516 676 3596 interpretationem
705 3518 880 3596 tribuisse,
911 3522 943 3578 et
964 3517 1061 3595 huic,
1092 3519 1274 3595 provocante

104 3632 106 3635 ’
152 3622 427 3703 Arebiepiseopo‚
450 3641 486 3683 se
516 3640 641 3702 quoque
663 3630 729 3684 tum
760 3621 867 3685 studio
891 3623 1000 3703 pacis,
1029 3628 1096 3682 tum
1120 3623 1195 3704 quia
1223 3617 1274 3680 rei·

154 3749 214 3811 psa
233 3731 337 3791 Breve
359 3726 411 3788 Pii
434 3726 517 3790 Vlll.
539 3724 616 3789 licet
638 3727 856 3790 decisionibus
878 3724 1046 3789 Benedicti
1067 3726 1155 3790 XIV.
1180 3731 1211 3787 st
1230 3721 1274 3786 Pii

135 3827 225 3898 Vll.
246 3832 405 3895 contraria
426 3851 491 3894 non
514 3833 709 3913 contineret,
731 3834 873 3894 mitioris
896 3833 1016 3895 tenoris
1039 3841 1148 3911 esset,
1180 3845 1274 3893 seces·

156 3941 258 4002 sissee
279 3958 363 4001 nunc
384 3944 491 4003 autem
515 3958 570 4020 se,
592 3941 703 4003 morbo
727 3937 974 4001 dolorosissimo'
998 3943 1183 4018 correptum
1204 3940 1233 3996 et
1246 3932 1274 3992 in

156 4048 238 4110 vitae
260 4045 445 4108 discrimine
468 4050 663 4126 versantem,
686 4044 793 4107 divina
817 4046 920 4126 gratia
936 4042 1135 4107 illustratum
1153 4060 1190 4104 ex
1204 4035 1274 4103 acti!

155 4152 208 4216 bis
229 4150 396 4215 Ecclesiae
418 4149 607 4216 catholicae
634 4151 821 4234 gravissima
849 4150 933 4216 mals
963 4153 1107 4232 oritura,
1136 4158 1274 4214 csnoues·

230 4342 296 4410 505)
315 4347 343 4398 Μ
354 4359 370 4396 o
380 4359 405 4396 n.
426 4330 493 4396 196ss
506 4359 568 4410 pag.
587 4343 647 4396 267.
