2798 4838
517 285 567 299 —
597 246 750 317 219-

61 389 116 470 qui
141 387 225 470 apud
250 386 404 472 populum
429 387 556 452 fidelem
580 392 795 455 omnimodam
817 394 998 472 nuptiarum
1021 396 1191 458 mixtarum

58 477 396 570 libertatemioverc,
428 495 468 556 ad
493 517 624 577 eamque
647 497 777 560 facilius
799 499 1043 578 promovendam
1065 501 1192 579 opinio·

58 621 117 662 nes
138 603 266 664 veritati
288 601 466 664 catholicae
484 606 663 665 contrarias
678 605 886 667 disseminare
907 604 1104 685 adnitantur,
1125 607 1191 667 imo

59 712 155 769 matr.
182 709 279 769 mixta
309 714 386 770 tuuc
416 728 543 789 quoque
573 710 737 789 probanda
770 729 842 771 esse
873 709 1089 791 contendant,
1108 691 1191 773 'cum

58 813 222 875 haeretica
253 833 328 893 pars
351 814 505 876 viventem
535 814 640 876 adhuc
663 816 769 877 habet
796 815 984 897 coniugem,
1013 837 1118 898 aquo
1142 817 1192 878 ‹li-

59 920 198 981 vortiaia
223 927 290 994 est;
324 939 396 981 esse
425 922 540 1000 etiam,
573 923 628 1003 qui
658 924 807 1002 gravibus
836 922 991 985 adhibitis
1019 941 1191 1004 poenarum

59 1026 156 1086 minis
179 1026 355 1088 animarum
378 1032 525 1107 pastores
548 1026 589 1089 ad
604 1029 733 1108 nuptias
755 1029 871 1090 mistas
894 1030 927 1090 iu
947 1026 1095 1092 Ecclesia
1116 1047 1192 1108 pro·

59 1128 244 1193 clamandas
268 1139 299 1193 et
319 1133 360 1194 iis
381 1138 493 1212 postea
524 1132 741 1195 assistendum
770 1134 921 1196 iuducere
949 1133 1036 1196 haud
1057 1152 1193 1196 verenn-

58 1243 130 1313 tur;
163 1236 301 1320 denique
324 1243 356 1300 et
377 1236 458 1300 talos
482 1239 640 1314 existere,
672 1240 727 1320 qrri
748 1240 811 1302 sibi
834 1248 865 1301 et
888 1239 962 1302 aliis
994 1239 1192 1322 persuadere
1310 1225 1312 1228 Α

59 1349 236 1423 conantur,
267 1362 329 1405 non
361 1346 394 1406 iu
418 1343 587 1406 catholica
619 1343 723 1407 solum
746 1343 917 1426 Religioue
949 1345 1067 1409 salvari
1088 1345 1193 1407 homi-

59 1469 150 1526 nem,
174 1449 234 1510 sed
256 1458 288 1511 et
302 1450 483 1512 haereticos
506 1449 547 1511 ad
569 1457 730 1513 aeternam
752 1453 846 1513 vitam
870 1452 1053 1533 pertingere
1073 1471 1192 1532 posse:

62 1555 112 1615 dd.
134 1561 189 1616 27.
205 1556 284 1617 Maii
305 1560 396 1617 1832.
422 1559 525 1618 Brooc
546 1555 587 1618 ad
609 1559 777 1618 universos
800 1560 839 1620 li.
853 1559 1005 1620 Bavariae
1026 1557 1142 1621 Archi·
1162 1562 1194 1616 et

63 1662 248 1742 Episcopos
280 1660 422 1722 dimisit=
461 1663 493 1722 in
528 1681 590 1742 quo
619 1662 786 1725 Ecclesiae
818 1662 1005 1725 Catholicae
1035 1661 1194 1742 Sedisquo

63 1766 272 1849 apostolicae
295 1773 492 1828 constantem
525 1766 630 1848 quoad
652 1774 744 1830 matr.
763 1770 862 1831 mixta
892 1765 1101 1849 improbanda
1131 1765 1191 1828 do-

64 1875 197 1934 ctrinam
220 1871 398 1954 apostolico
422 1874 571 1956 exposuit
593 1873 737 1936 oraculo.
770 1875 803 1936 lu
828 1875 958 1937 exordio
980 1873 1092 1936 Brevis
1116 1893 1194 1935 con·

65 1981 184 2041 tinuum
208 1977 289 2040 illud
313 1979 407 2041 Sedis
431 1978 638 2060 Apostolicae
661 1980 801 2042 studium
832 1987 1004 2059 memorat,
1037 2000 1100 2061 quo
1121 1980 1194 2060 ipsa

65 2084 298 2166 invigilaverit,
329 2105 368 2147 ne
393 2086 536 2170 canones
559 2084 728 2148 Ecclesiae
760 2094 871 2149 contra
903 2087 1105 2148 matrimonia
1138 2105 1192 2146 ca-

66 2191 259 2253 tholicorum
287 2211 359 2253 cum
389 2193 561 2254 haereticis
591 2192 708 2275 perlati
732 2193 947 2275 violarentur,
982 2197 1015 2254 et
1044 2187 1200 2272 coniugia
1280 2207 1283 2217 ⁴

67 2296 158 2376 talia,
181 2297 211 2360 si
234 2296 361 2378 quaudo
384 2303 416 2359 et
438 2300 493 2361 uhi
516 2319 552 2360 ea
575 2301 721 2380 gravibus
746 2320 783 2362 ex
805 2302 912 2362 causis
935 2297 1069 2361 tolerari
1093 2303 1125 2359 et
1142 2298 1193 2359 iu-

68 2403 191 2486 dulgeri
215 2404 372 2483 contigit,
402 2406 527 2466 nonnisi
553 2408 739 2486 praemissis
761 2406 881 2468 debitis
904 2404 1038 2468 cautelis
1061 2411 1127 2466 tum
1152 2401 1194 2464 do

67 2517 155 2591 parte
177 2507 335 2570 catholica
358 2511 390 2570 in
414 2530 471 2572 sua
493 2512 558 2573 fide
580 2533 643 2574 nou
665 2511 842 2590 turbanda,
873 2517 940 2573 tum
972 2510 1011 2572 dc
1042 2508 1194 2591 prolibus
1233 2555 1235 2559 -

69 2616 93 2678 in
117 2616 213 2677 Cath.
238 2613 408 2696 Religione
433 2617 606 2691 adrrcaudis
636 2597 890 2680 admitterentur.
919 2618 1093 2696 Proposita
1116 2615 1193 2676 dein
1293 2624 1317 2671 .’

22 2802 25 2809 ,
70 2722 235 2784 occasione
249 2722 380 2799 Brevis,
404 2743 462 2801 per
476 2723 664 2789 relationem
684 2722 833 2784 videlicet
850 2723 1082 2802 Episcoporum
1100 2739 1195 2801 prae-

10 2845 13 2913 [
69 2829 148 2906 hita,
178 2826 220 2888 acl
249 2847 318 2888 rem
345 2828 447 2909 ipsam
469 2831 620 2908 veniens,
652 2832 686 2902 a)
711 2829 750 2889 de
772 2826 1003 2889 fundamentali
1027 2823 1193 2888 Ecclesiae

10 2918 12 2925 Ι
71 2932 235 3014 dogmate,
268 2932 355 3014 quod
377 2941 427 2995 est
448 2935 623 2996 necessitas
646 2936 739 2997 llidei
762 2935 854 2996 Cath.
877 2933 918 2995 ad
942 2931 1098 3007 salutem,
1129 2930 1197 2992 dir·
1252 2912 1257 2923 ’

72 3043 165 3119 serit,
189 3059 227 3100 ex
250 3058 351 3118 eoque
376 3039 523 3119 deduscit,
556 3060 649 3122 quam
672 3040 788 3104 illicita
811 3043 877 3103 sint
898 3022 1100 3102 matrimonia
1123 3059 1195 3102 cum

19 3224 22 3229 Ι
73 3143 259 3223 haereticis,
289 3146 344 3226 qui
368 3151 454 3208 extra
487 3149 639 3209 unitatem
662 3145 829 3210 Ecclesiae
853 3146 1045 3218 Catholicae,
1074 3145 1196 3207 consti·

10 3323 17 3337 Β
74 3254 209 3313 luuntur.
249 3253 286 3323 b)
321 3253 518 3314 Praescribit
546 3254 695 3332 modum,
736 3275 828 3335 quiem
860 3253 993 3334 parochi
1024 3253 1195 3314 occasione
1253 3267 1256 3274 ·

74 3352 252 3418 huiusmodi
274 3359 456 3437 nuptiarum
480 3367 589 3421 tenere
612 3360 766 3422 debeant:
790 3359 971 3421 edocendos
993 3375 1108 3441 nempe
1125 3363 1198 3418 esse

10 3492 18 3553 ξ
74 3459 181 3525 fideles
205 3465 303 3524 mixta
334 3465 492 3526 connubia
523 3467 712 3527 contrahere
742 3468 928 3546 cupientes,
962 3484 998 3525 ea
1020 3483 1081 3525 uon
1105 3461 1199 3524 aliter
1320 3508 1322 3513 .

10 3558 18 3627 l
72 3583 161 3645 quam
183 3589 254 3631 cum
276 3567 405 3631 licentia
428 3573 466 3630 ab
489 3569 635 3632 Ecclesia
658 3573 758 3652 petita
788 3580 819 3631 ot
842 3573 900 3631 suh
925 3568 1059 3630 cautelis
1082 3571 1121 3629 ah
1145 3587 1198 3628 ca·

67 3667 139 3737 dem
161 3676 372 3756 praescriptis
395 3677 471 3737 iniri
493 3695 620 3756 possea
639 3678 822 3757 cumprimis
845 3695 921 3736 vero
945 3676 1067 3736 monita
1089 3679 1199 3754 pasto·

60 3789 136 3843 rum
159 3781 335 3843 animarum
358 3781 526 3862 dirigenda
550 3802 621 3843 esse
644 3782 686 3844 ad
706 3780 927 3844 inculcandam
948 3779 1098 3842 fidelihus
1123 3779 1200 3843 stri·

56 3893 151 3949 ctam
183 3885 412 3967 obligationem
442 3887 614 3950 obediendi
644 3887 825 3970 praeceptis
857 3886 1043 3963 Ecclesiae,
1077 3885 1199 3948 vitandi

48 3999 131 4057 1lou
155 3991 259 4055 solum
283 4000 432 4072 peccata,
455 3993 513 4056 sed
535 3999 567 4056 et
588 3992 731 4075 pericula
754 3994 931 4073 peccandi,
965 3998 997 4054 et
1020 3992 1060 4054 de
1084 3992 1200 4054 educa·
1318 4017 1319 4021 ¹

47 4093 155 4163 tione
176 4097 316 4181 prolium
338 4100 371 4161 in
393 4119 467 4163 vera
496 4100 561 4163 fide
582 4100 812 4183 prospiciendi.
849 4103 882 4174 c>
905 4099 956 4164 Ad
988 4118 1096 4161 casum
1128 4097 1199 4158 fru-

46 4206 162 4268 &uati
185 4204 374 4268 salutarium
396 4205 656 4269 adhortationum
680 4207 812 4270 effectus
836 4212 868 4269 et
889 4205 1086 4269 matrimonii
1107 4201 1202 4283 mixti

47 4313 140 4374 tine
161 4312 300 4392 praeviis
323 4309 458 4374 cautelis
488 4310 539 4375 vel
569 4311 677 4395 aliqua
698 4311 812 4386 saltem
835 4311 964 4375 illarum
992 4311 1066 4373 initi
1087 4307 1199 4370 decer·
1232 4381 1235 4385 .
