2798 4838
580 294 810 367 -435-

134 439 245 517 iugum
277 457 344 498 non
371 457 441 500 esse
471 443 634 518 tantopere
664 438 797 503 adversa
828 442 1008 525 existimat,
1048 423 1259 530 prduthiita

133 545 274 605 asserit:
298 544 431 623 eiusque
452 545 688 624 propositiones
711 565 770 607 nec
800 567 897 611 sanae
926 552 1060 619 rationis
1093 555 1260 637 principiis

133 670 192 711 neo
216 651 249 712 S.
274 649 458 729 Scripturae
481 650 662 711 conformes
686 671 757 713 esse
779 656 900 715 statuit.
928 652 989 727 ⁸⁵⁵)

239 761 312 816 343.
336 755 502 837 Ludvig
525 755 720 833 Gitzler,
742 763 1167 840 Houoooobaerqomemen
1191 773 1261 829 und

129 866 358 942 preussiscbeo
382 865 557 923 Ebereoltta
584 869 642 923 der
669 868 860 928 Kotlrottleeu
897 873 967 929 und
1000 872 1259 949 Eooupeltsclreu.

131 972 403 1029 Breslou.1840.
422 986 546 1029 omnem
562 966 806 1046 difficultatem,
838 990 918 1050 quae
950 972 1143 1038 lnBorussia
1161 998 1258 1058 quae-

131 1074 272 1135 stionem
297 1072 336 1134 de
359 1079 451 1135 matr.
474 1073 582 1134 mixtis
605 1076 738 1155 premit,
768 1083 962 1139 cessaturam
980 1069 1133 1144 'iudicata
1155 1083 1185 1145 sl
1215 1082 1259 1146 ad
1315 1130 1318 1136 -

129 1199 244 1242 casum
274 1186 438 1241 remoratae
467 1199 524 1258 per
554 1179 760 1242 Sacerdotem
790 1181 992 1246 Catholicum
1023 1185 1269 1252 benedictionis

128 1287 244 1348 Status
267 1283 381 1347 Civilis
403 1282 453 1346 vel
474 1283 571 1346 alium
601 1288 822 1367 presbyterum
850 1287 901 1349 vel
932 1291 1121 1364 ministrum
1148 1302 1269 1374 prote.

128 1392 303 1476 stantieum
326 1390 367 1453 ad
389 1397 493 1454 actum
516 1391 600 1453 huno
620 1401 743 1453 sacrum
758 1394 973 1474 peragendum
989 1396 1203 1478 delegaverit,
1226 1407 1259 1465 et

127 1496 242 1579 proles
266 1516 375 1558 omnes
398 1498 432 1558 in
454 1496 657 1570 confessione
688 1501 788 1576 patris
822 1498 950 1562 eduoorl
976 1502 1128 1577 iusserit:
1158 1497 1256 1594 idque

125 1604 225 1681 ideo,
250 1603 335 1682 quod
355 1605 427 1684 ipso
449 1601 622 1664 Benedicta
645 1603 729 1667 XlV.
758 1604 822 1666 PP.
855 1613 985 1670 auctore
1015 1609 1161 1673 minister
1189 1630 1256 1672 ma·

125 1710 275 1771 trimonii
296 1729 359 1770 nou
391 1712 434 1771 sit
464 1708 638 1788 sacerdos,
667 1707 724 1771 sed
755 1710 819 1790 ipsi
848 1713 1089 1793 contrahentes,
1122 1716 1256 1796 ipsaque

124 1816 334 1878 matrimonia
357 1814 615 1879 Acatbolicorum
638 1817 703 1877 sint
726 1821 930 1879 sacramenta.

617 2050 767 2143 §.mu
1044 2064 1113 2083 =

122 2158 334 2248 Amatores
353 2189 557 2252 catholici
574 2204 655 2264 pro
672 2189 818 2247 favore
841 2163 1071 2251 munem-um
1094 2207 1255 2253 commu·

598 2280 777 2340 telorum.

233 2468 305 2527 344.
340 2464 498 2528 Sebald
526 2462 732 2544 Brendel,
756 2469 1256 2534 Hmmoouocsaotuotucoco
1307 2538 1308 2541 ,

119 2579 198 2636 und
209 2577 497 2651 protestouttsobeu
508 2574 765 2633 Ktrcbeurecbts.
781 2577 812 2634 3.
848 2573 932 2647 Aust.
956 2553 1121 2650 Bomberb.
1144 2579 1254 2638 1840.

117 2677 202 2772 ideo
223 2679 426 2758 potissimum
448 2675 627 2755 notandus,
650 2674 736 2756 quod
758 2675 917 2754 principia
940 2680 1138 2738 Ferdtuauda'
1158 2682 1250 2741 Wol*

117 2795 175 2848 ter
205 2780 265 2856 856)
304 2782 462 2845 refellere
493 2782 681 2844 tentaverit:
719 2786 836 2843 tractat
874 2779 914 2842 de
944 2787 1036 2844 matr.
1074 2783 1183 2844 mixtis
1217 2786 1252 2858 S.

118 2896 319 2954 328—338.
342 2911 413 2968 pop.
437 2893 676 2951 1037—1079.
709 2885 889 2967 Singularia
919 2884 1044 2949 adserta
1074 2889 1142 2949 eius
1174 2887 1254 2952 baec

113 3001 221 3060 sunt:
247 2998 280 3068 a)
305 2997 408 3059 Statui
439 2993 574 3057 Publico
597 2996 647 3055 ius
675 2989 855 3075 competere
877 2991 1095 3074 impediendi,
1126 3012 1168 3055 ne
1188 2995 1253 3056 Ec-

117 3103 228 3168 olesia
257 3101 351 3164 aliter
380 3121 472 3182 quam
500 3098 676 3180 hortando,
706 3104 738 3161 et
763 3097 918 3162 monendo
936 3099 975 3160 iu
993 3089 1269 3164 'celebrationem'

116 3193 549 3274 minimum-*connubiorum
564 3208 685 3269 influat.
712 3205 749 3280 b)
776 3205 1029 3289 Constitutiones
1063 3204 1253 3272 Pontid‘clas

117 3335 200 3380 esse
216 3335 302 3377 more
322 3313 567 3395 disciplinares,
591 3319 623 3374 et
640 3331 698 3394 pro
715 3310 965 3394 particularibus
989 3312 1117 3374 casibus
1136 3312 1253 3394 editas,
1359 3375 1366 3385 ,

114 3424 220 3508 proin
244 3420 465 3482 universaliter
486 3419 572 3482 haud
594 3418 784 3500 obligantes.
816 3420 848 3490 o)
873 3418 1000 3498 Dogma.
1029 3402 1069 3478 de
1099 3437 1160 3480 una
1185 3418 1251 3481 sal·
1327 3489 1331 3498 ,

116 3531 240 3610 vilica,
278 3525 363 3607 quod
400 3524 639 3604 fundamentum
672 3523 911 3604 reprobationis
949 3523 1120 3611 mixtorum
1145 3525 1251 3588 'matra

116 3635 313 3714 constituit,
346 3652 416 3694 esse
445 3623 627 3712 opinionem
658 3630 811 3692 duntaxat
838 3625 1084 3708 theologicam.
1104 3626 1140 3700 d)
1164 3627 1252 3694 iden
1287 3630 1289 3632 ’
1333 3636 1335 3643 “

118 3740 299 3808 (licendum
328 3758 400 3800 csse
429 3738 469 3800 de
491 3725 593 3800 altero
616 3752 751 3817 ¹quoque
780 3732 1006 3808 fundamento,
1036 3749 1157 3811 nempe
1168 3734 1254 3816 aluid

116 3848 262 3935 proprie
284 3850 515 3908 sacramentum
536 3847 570 3906 in
592 3842 794 3905 matrimonio
818 3839 948 3901 efficiat.
973 3838 1005 3908 e)
1021 3836 1254 3922 Contralprin.

115 3957 213 4039 cipia
235 3951 371 4015 Walteri
399 3951 559 4032 passivam
587 3949 802 4012 assistentiam
841 3966 901 4008 ceu
936 3942 1252 4028 talompropuguat,

200 4164 267 4232 aas)
285 4145 488 4219 recensionem
505 4165 685 4216 niteamus
709 4152 831 4222 nectunt.
850 4131 952 4219 atltae.
971 4155 1061 4210 1840.
1080 4138 1130 4231 uo,
1141 4126 1202 4242 aa,
1217 4185 1254 4220 -,-

159 4259 568 4318 Gersuortnepertortam.
588 4256 689 4308 XXVI·
708 4257 740 4305 B.
759 4268 784 4313 p.
804 4250 848 4305 11.
971 4285 973 4289 ι
1047 4278 1075 4319 >g
1141 4290 1164 4320 Α

199 4348 324 4417 snum
343 4348 365 4416 u.
384 4351 445 4404 su.
464 4349 513 4402 uo.
534 4346 593 4402 sse.
909 4401 912 4407 ,
1032 4384 1055 4471 3,

176 4464 178 4468 ⁴
851 4433 854 4439 ”
978 4434 1019 4493 28
