2798 4838
135 425 402 487 aronensem.
426 423 689 503 deterrimam.
720 422 753 483 in
784 420 888 484 iorma
919 417 1076 506 epistolae
1105 420 1146 484 ed
1177 421 1256 503 Epi·

136 549 271 611 scopum
293 527 506 591 Leodlensem
530 532 600 590 Van
620 531 762 590 Bommel
780 526 941 607 directae,
965 546 1045 608 quac
1075 528 1105 589 is
1127 528 1159 589 in
1182 528 1256 592 lilo-

131 635 201 696 nito
226 653 284 696 sno
304 630 461 714 pastorali
483 654 512 696 a.
537 637 627 695 1838.
649 632 682 693 in
706 631 923 694 defensionem
946 632 1059 716 Aiippi
1082 630 1256 695 Colonien-

130 740 177 801 sis
199 739 234 800 in
257 737 396 802 medium
419 737 548 819 attulit,
571 756 720 801 enervare
742 743 775 798 et
795 737 963 799 traducere
986 744 1128 802 conatur.
1154 733 1217 811 ⁹³⁰>

237 849 311 906 206.
334 841 435 906 Cael
455 863 531 905 von
554 841 761 921 ltotteok,
782 845 833 904 dio
864 847 1027 906 Cilniaclse
1048 847 1171 923 Sardo,
1199 847 1257 906 de-

127 953 272 1011 trccdcet
287 966 360 1010 cons
372 953 574 1027 Staadponct
593 954 649 1010 der
666 952 868 1026 mamonae
882 953 1008 1011 Media.
1028 952 1254 1027 Spcter1838.

128 1055 281 1116 meritum
313 1051 507 1116 Coloniense
538 1052 711 1115 secundum
748 1053 836 1115 luris
870 1043 1069 1116 Universalis
1098 1055 1254 1136 principia

128 1159 292 1243 expendit.
315 1159 523 1221 Occasionem
546 1157 707 1221 scribendi
728 1158 798 1239 ipse
814 1160 967 1239 proponit
980 1157 1057 1221 inde
1078 1165 1254 1240 acceptam,

128 1264 220 1346 quod
241 1266 275 1326 in
299 1266 432 1326 Camena
454 1265 685 1343 disputatorum
708 1263 753 1325 M.
774 1264 853 1326 Duc.
880 1262 1037 1326 Badensio
1068 1265 1254 1362 propositae

126 1385 188 1452 per
209 1389 246 1432 se
269 1390 365 1452 sarper
385 1370 574 1450 gravissimo
606 1366 793 1431 Coloniensi
823 1369 938 1430 merito
966 1369 1154 1432 reflexiones
1185 1368 1255 1432 illic

125 1476 160 1537 in
185 1473 418 1537 discussionem
441 1479 601 1537 nonomine
623 1472 709 1536 haud
736 1473 865 1536 inerint.
895 1473 976 1536 Tam
1008 1475 1167 1555 Regimini
1190 1476 1254 1536 Bo-

125 1581 275 1662 russico‚
298 1601 391 1660 quam
412 1583 535 1661 AEppo
558 1582 675 1642 Droste
696 1576 848 1642 nonnulla
870 1579 948 1642 vitio
971 1581 1087 1642 vertit:
1108 1585 1155 1642 illi
1182 1581 1252 1660 qui·

127 1684 221 1768 dem,
245 1685 330 1766 quod
351 1683 434 1748 ultra
455 1685 575 1747 limites
598 1685 770 1747 activitatis
794 1704 870 1746 suae
891 1704 1120 1768 progressum,
1143 1701 1252 1764 quem·

125 1791 213 1872 piam
238 1790 431 1853 dominatum
452 1792 484 1852 in
506 1793 601 1853 rebus
624 1788 793 1870 religionis
817 1796 1039 1869 exercere,··ei
1059 1787 1139 1851 licet
1166 1791 1253 1852 Con-

125 1896 267 1958 fessioni
290 1917 308 1958 a
331 1894 498 1959 catholica
520 1894 643 1959 alienae
666 1895 828 1958 addictum
851 1897 916 1975 sit‚·
935 1916 993 1977 per
1021 1894 1169 1959 mandata
1201 1893 1252 1956 di·

126 2008 297 2082 ctatusque
317 2003 446 2083 negotia
465 2000 632 2073 Ecclesiae
655 2001 747 2065 cath.
778 2020 889 2082 regere
922 2000 1141 2080 contenderit,
1176 2001 1253 2063 item

125 2107 216 2188 qood
237 2109 271 2169 in
292 2109 425 2170 materia
446 2108 617 2170 mixtorum
639 2113 730 2169 matr.
763 2104 989 2188 diplomaticae
1017 2108 1136 2170 rationi
1165 2125 1253 2182 com·

124 2212 270 2297 ponendi
306 2215 534 2275 cotroversiam
570 2232 648 2295 prae
684 2210 830 2294 synodali
864 2213 1047 2291 proedriam
1083 2212 1252 2286 tribuerite

123 2322 342 2399 decimalem,
373 2318 461 2400 puod
490 2318 584 2380 Ῑιιιίιιι
615 2318 684 2383 aevi
712 2315 905 2397 indigentias
935 2313 998 2380 non
1027 2316 1251 2401 perpendens,

124 2423 227 2486 medii
249 2425 318 2486 aevi
340 2431 481 2506 tempora
504 2423 716 2504 resuscitare,
753 2420 1012 2505 illimitatamque
1043 2423 1252 2487 Hierarchioe

125 2531 350 2592 auctoritatem
370 2530 541 2608 revehere,
563 2535 662 2590 totam
685 2547 807 2608 quoque
830 2530 1057 2609 inspectionem
1080 2531 1166 2592 circe
1182 2527 1250 2599 ,do-

125 2637 261 2697 ctrinam
286 2641 317 2697 et
339 2633 559 2696 edocationem
581 2632 671 2695 Cleri
693 2634 757 2694 sibi
780 2633 844 2697 soli
866 2633 1033 2714 adserere,
1064 2641 1096 2695 et
1125 2652 1250 2695 omnem

123 2737 323 2802 liberalioris
346 2740 510 2802 doctrinae
533 2736 711 2801 audiendae
735 2739 936 2801 occasionem
958 2737 1096 2801 alumnis
1126 2739 1251 2819 praeci-

125 2844 204 2910 dere
227 2848 413 2920 tentaverit3
440 2843 543 2926 quoad
566 2844 663 2905 mixta
694 2841 818 2904 demum
849 2845 1051 2907 matrimonia
1081 2844 1167 2906 iusto
1198 2863 1251 2905 se·

124 2953 234 3013 verior
255 2952 424 3013 exstiterit.
447 2951 555 3013 Media
577 2947 620 3012 ad
641 2946 813 3010 tollendam
850 2951 1099 3011 controversiam
1130 2968 1250 3032 propo·

124 3058 192 3118 nit:
213 3055 396 3118 libertatem
417 3054 520 3135 preli,
533 3055 713 3135 potestatis
737 3052 867 3134 Papalis
883 3054 1101 3117 reductionem
1121 3055 1162 3118 ad
1180 3057 1248 3139 pria

124 3163 268 3224 mitivam
289 3181 452 3233 normam,
475 3162 644 3242 potestatis
667 3157 872 3241 Episcopalis
895 3159 1148 3243 ampliationem,
1171 3162 1248 3222 item

125 3269 155 3330 si
179 3274 288 3330 mutuo
321 3268 641 3347 Repraesentantium
672 3265 819 3328 Nationis
852 3264 1060 3329 Germanicae
1091 3287 1249 3330 consensu

124 3370 178 3435 lex
202 3373 367 3454 quaepiam
389 3373 474 3433 circa
497 3370 637 3451 prolium
661 3371 879 3434 edomationem
902 3364 1143 3465 religionariarn
1160 3355 1250 3437 eon·

124 3476 266 3540 deretur.
290 3477 543 3558 Quoadi'actum
575 3476 711 3557 deniqne
743 3479 897 3540 Gobernii
927 3463 1085 3559 Allp'pum
1116 3476 1249 3551 Coloni·

123 3604 234 3648 ensem
257 3583 340 3646 Sede
363 3604 421 3644 sua
443 3583 640 3644 exirrrbantis
662 3589 789 3644 censet:
811 3585 935 3663 Allppo
957 3584 1107 3647 iniuriam
1124 3581 1248 3644 illatam

121 3690 250 3773 inisse,
273 3689 356 3768 quod
380 3689 448 3750 sine
468 3686 613 3768 legitima
635 3688 715 3748 iuris
740 3689 787 3749 via
810 3687 960 3750 libertate
991 3689 1131 3766 privatus
1163 3688 1249 3749 etin

122 3797 342 3877 captivitatem
372 3797 415 3858 sit
436 3793 612 3868 abductum
646 3800 774 3854 excusat
796 3800 900 3854 tamen
922 3793 1250 3872 Guberriium‚ratio'-
1284 3835 1287 3844 -

121 3918 260 3981 nemque
275 3900 377 3961 -lrnius
399 3899 474 3961 inde
497 3902 614 3979 sarmit,
638 3898 773 3979 quodid
794 3900 863 3960 iura
887 3919 943 3960 sua
963 3899 1046 3960 circa
1071 3890 1160 3975 sacia
1178 3919 1263 3985 com

118 4007 247 4068 iuribus
271 3988 381 4068 stricte
403 4005 566 4084 religiosis
591 4004 693 4068 eidem
716 4012 873 4088 respectu„
887 3997 1109 4067 confessionis
1145 3986 1272 4069 Bran-''

123 4214 375 4235 μ

193 4343 263 4408 730)
283 4349 318 4398 oi.
336 4341 358 4409 d.
379 4345 437 4396 187.
538 4378 552 4388 ,
