2798 4838
587 219 822 320 ..ppp-

149 364 298 448 expondit
318 362 504 428 relationem
526 365 707 445 sponsionis
728 365 823 427 latins
844 364 888 441 ad
908 365 1068 449 principis
1091 365 1258 432 mtholloa:

148 480 181 535 et
201 471 360 553 siquidem
379 467 616 533 fundamentsle
637 465 802 533 Ecclesiae
824 470 918 534 caen.
940 471 1056 553 dogmu
1078 475 1145 555 sit,
1172 475 1205 537 ln
1228 495 1261 537 ea

147 575 218 640 sula
240 574 374 639 salntem
396 576 555 659 obtineri,
577 573 757 641 concludit:
779 576 912 657 provido
931 574 1100 641 decretum
1123 599 1213 663 esse,
1230 587 1262 642 nt

145 682 261 744 mixtae
283 682 412 762 nuptiae
434 688 508 743 tunc
529 687 650 745 tantum
682 679 934 761 benedicentem
951 683 979 744 si
1011 703 1086 765 spes
1116 686 1260 766 praebea-

61 834 65 841 .
145 791 215 866 tur,
236 786 327 867 iore,
348 791 384 849 ut
404 806 480 866 pars
502 784 680 848 acatholica
697 786 742 848 ad
763 788 868 849 sinum
891 784 1057 850 Ecclesiae
1081 790 1177 854 caus.
1196 789 1261 853 red-

142 899 214 970 cat,
231 899 269 953 et
294 893 494 972 sponsionem
529 891 568 955 de
591 891 778 953 educatione
801 891 958 957 catholiea
978 891 1154 957 liberorum
1174 915 1260 974 prae·

80 989 95 1053 ſs
143 999 194 1059 sie
216 1003 378 1076 praestet3
413 1015 513 1078 eoque
545 997 616 1078 ipsu
647 996 688 1058 ad
719 997 847 1061 strictas
877 1000 1017 1063 muneris
1047 999 1259 1064 Paroclrorun

142 1108 250 1184 partes
272 1104 453 1181 pertinere,
476 1109 511 1164 ut
549 1103 753 1183 sponsionem
781 1101 881 1172 telem,
905 1106 1042 1185 exigant.
1064 1106 1104 1178 b)
1135 1106 1258 1169 Investi-

143 1213 199 1286 gat
227 1194 418 1273 relationem
445 1208 629 1289 sponsionis
664 1207 760 1269 huius
791 1208 832 1270 ad
864 1208 987 1273 Statum
1016 1209 1204 1287 Publicums
1232 1218 1258 1275 et

142 1312 245 1394 primo
267 1312 395 1390 quidem
415 1313 449 1374 in
461 1331 589 1392 genere,
609 1314 777 1393 observat,
799 1314 924 1377 Statum
942 1314 1082 1379 civilem
1106 1318 1255 1381 Christis·

138 1436 214 1479 num
236 1418 458 1481 nonnisltunc
490 1419 614 1479 firmum
647 1418 822 1481 consistere
852 1440 968 1502 posse,
996 1423 1026 1484 si
1054 1420 1147 1504 leges
1176 1422 1255 1487 illius

141 1541 253 1586 sensus
276 1522 440 1603 religionis
462 1524 654 1603 perveserit3
678 1543 754 1593 cum,
774 1530 885 1593 ¹autern
908 1525 1138 1592 Confessiones
1172 1529 1255 1592 citt

140 1616 268 1691 stianae
282 1626 391 1708 plures
413 1629 498 1710 sint,
520 1626 740 1694 connaturale·
759 1648 849 1709 esse,
871 1636 908 1693 ut
927 1651 988 1712 pro
1010 1652 1119 1695 earum
1141 1636 1254 1698 ratione

80 1715 82 1721 Ι
140 1733 249 1797 Status
272 1732 386 1817 Civilis
409 1753 481 1795 suas
513 1716 699 1795 accomodet
721 1736 1142 1820 constitutione13Regentl
1163 1745 1254 1803 temer

139 1841 285 1920 nuspiam
317 1846 500 1919 competere
523 1840 580 1900 ius
612 1839 784 1929 quidquam
815 1840 1025 1922 disponendi,
1058 1843 1149 1925 quod
1180 1845 1253 1908 cor-

138 1943 295 2024 ismioni,
317 1945 370 2011 cui
392 1943 538 2006 addictus
560 1963 621 2006 non
645 1950 712 2023 est,
736 1945 873 2010 ⁴noxium
896 1945 945 2008 vel
973 1949 1069 2011 etiarn
1100 1949 1252 2032 praeiudi

139 2067 218 2111 cans.
234 2048 337 2113 iuret..
361 2050 464 2129 Atque
497 2055 608 2113 centra
636 2050 715 2112 lraee
741 2052 900 2132 principia
930 2058 963 2117 et
991 2051 1071 2115 olim
1100 2063 1252 2136 peccatum

140 2173 231 2232 esse,
253 2162 285 2218 et
307 2155 405 2217 hodie
426 2156 554 2237 peccari
577 2153 725 2236 deplorat
745 2157 874 2219 Auctor.
897 2156 931 2219 ln
955 2158 1070 2238 ‘specie
1091 2168 1170 2223 'vero
1191 2178 1249 2224 cun

138 2260 268 2339 sponsio
289 2267 463 2323 memorata
485 2262 528 2323 sit
557 2281 636 2339 pure
665 2258 817 2341 religiosa
848 2270 881 2324 et
910 2261 1002 2347 talis,
1031 2284 1113 2345 quae
1142 2264 1250 2329 nullon

136 2356 264 2427 noxium
281 2367 318 2427 -in
340 2367 435 2429 finem
465 2365 611 2429 Civitatis
649 2367 800 2429 inflexum
829 2367 945 2435 habere
960 2371 1100 2449 possit,
1128 2374 1249 2434 asserit:

137 2467 241 2531 Statui
270 2469 404 2534 Publice
433 2470 519 2533 haud
546 2478 726 2551 competere
766 2478 977 2552 potestatem,
1004 2476 1159 2539 meritum
1186 2473 1248 2539 rell·
1291 2454 1293 2493 ⁵

24 2553 29 2565 Χ
139 2576 300 2656 giunarisc
324 2575 462 2657 prolium
485 2576 686 2640 educationis
708 2595 783 2639 suae
812 2575 1010 2659 legislationi
1042 2582 1246 2658 subiiciendl3

137 2679 189 2743 vel
214 2682 295 2743 enim
326 2702 397 2744 esse
427 2682 455 2747 ei
485 2681 673 2762 religionem
700 2681 885 2747 indifferens
914 2683 1012 2765 quid,
1041 2683 1094 2747 rel
1127 2686 1246 2751 uontsl

132 2788 241 2868 prius,
264 2807 325 2851 non
347 2809 418 2851 esse
440 2808 556 2867 operae
577 2790 713 2867 pretium
738 2795 871 2870 propter
900 2808 967 2851 rem
997 2808 1133 2871 prorsus
1161 2791 1245 2857 indil-

135 2891 287 2955 ierentem
310 2900 359 2955 tot
380 2893 556 2956 catholicos
589 2893 734 2955 subditos
756 2895 795 2955 in.
812 2895 999 2957 anxietatem
1028 2897 1245 2974 coniicere3sl

134 3005 238 3061 autem
260 3000 442 3080 posterius,
465 3019 503 3061 eu
524 2999 614 3078 ipso,
638 2998 724 3078 quod
752 2998 882 3079 Religio
904 3001 948 3061 sit
968 3021 1020 3063 res
1053 3005 1171 3066 summi
1191 3021 1245 3066 mo·

7 3165 10 3172 .
133 3105 251 3181 menti,
285 3104 327 3165 ad
348 3111 456 3186 partes
486 3104 594 3167 Status
625 3104 711 3167 haurd
738 3112 902 3184 spectare,
924 3110 960 3168 ut
988 3105 1097 3170 lutura
1119 3107 1244 3191 prollun

132 3205 337 3286 religionarie
376 3209 522 3272 educatio
554 3208 798 3289 determinetur,
827 3209 887 3272 sed
913 3211 976 3273 hoo
1006 3212 1036 3273 ei
1065 3210 1243 3277 Auctoritstl

133 3311 274 3391 relinqui
296 3312 430 3392 debere,
452 3314 491 3376 ad
516 3334 606 3394 quam
629 3316 759 3396 proprie
781 3316 918 3398 pertinet
946 3314 1082 3379 salutern
1108 3317 1242 3383 ¹iidellur

137 3420 265 3500 operari
286 3439 323 3480 ac
352 3439 548 3500 promovere·
571 3422 603 3493 c)
634 3419 777 3489 Tandem
806 3419 1037 3500 contempletur
1068 3420 1243 3487 relationes

140 3526 324 3608 sponsionis
346 3523 436 3587 illius
458 3526 499 3588 ad
522 3524 765 3588 confessionem
787 3525 1073 3597 destestantioams
1098 3536 1133 3591 et
1162 3546 1241 3609 puss-

136 3632 197 3695 rit:
220 3652 281 3712 an,
302 3632 331 3693 si
353 3632 421 3694 Rex
443 3650 469 3692 e.
493 3651 523 3712 g.
545 3632 717 3711 Berussiee
738 3629 841 3711 legem
864 3630 904 3694 de
925 3630 1100 3695 educandis
1123 3635 1158 3698 in
1179 3652 1240 3697 cou-

130 3734 273 3799 iessiune
295 3738 396 3818 patris
417 3735 561 3818 prolibus
583 3738 784 3816 abrogaverit
803 3733 854 3798 vel
876 3737 1064 3817 mutaverit,
1095 3744 1130 3802 et
1158 3757 1240 3821 spon·

130 3840 251 3903 sionem
282 3843 465 3924 apersonis
489 3842 631 3904 diversae
652 3839 817 3922 religionis
838 3861 896 3922 per
925 3841 1085 3923 parochos
1116 3840 1239 3907 catholi-

130 3964 188 4009 cus
212 3947 296 4026 exigi
317 3946 504 4027 indulserit,
525 3967 583 4028 per
603 3947 638 4008 id
658 3947 780 4009 iuribus
813 3947 1035 4010 confessionis
1069 3943 1239 4012 Protestrn·

129 4049 213 4112 tlcee
236 4042 431 4132 derogeturi
452 4052 502 4116 Ad
524 4052 705 4115 cuiusmodi
727 4054 943 4134 quaestionem
965 4053 1162 4136 respondet:
1178 4054 1238 4132 pri·

129 4173 219 4218 mum
239 4152 302 4218 non
327 4158 513 4236 convenire,
530 4163 571 4235 ¹ut
592 4143 1005 4246 Status‘Civilisiudicem·
1020 4167 1097 4241 egat
1124 4164 1238 4223 conue-

128 4262 302 4331 vorsiarum
323 4263 418 4339 fidci3
442 4246 555 4331 deiude
576 4261 744 4332 ecclcslan
772 4265 1042 4332 Protestanticem
1074 4265 1183 4333 eodem
1207 4279 1236 4323 rt
