2798 4838
159 413 280 484 stema,
301 405 348 466 its
370 404 536 485 speciatim
557 404 705 464 meritum
727 404 843 464 mixtae
864 399 1034 482 religionis
1052 405 1272 466 ,matrimonio-

158 531 249 589 rum,
280 514 372 571 antea
402 527 461 589 per
490 528 594 570 meras
631 505 860 570 Resolutiones
901 510 1022 590 Regias
1056 509 1274 592 regulata,in

83 602 86 606 ⁴
158 615 333 696 praedictis
361 615 467 695 Regni
496 614 644 676 comitiis
673 612 746 695 lege
776 612 986 678 determinata
1017 619 1221 678 exstiterunt
1249 616 1276 678 ln

161 721 311 784 comitiis
333 721 405 798 his,
429 738 508 798 quae
529 719 670 797 indiem
693 722 722 780 6.
743 718 833 781 Junii
865 725 957 783 1790.
987 721 1112 784 Budam
1147 719 1276 799 indicte,

129 842 132 846 ’
161 828 213 890 die
237 831 365 914 verodss.
387 825 554 889 Novembr.
577 823 720 887 eiusdem
742 825 816 886 anni
837 826 1010 888 Posonium
1032 826 1211 909 translata,
1232 826 1277 888 de·

160 953 247 995 mum
269 932 321 994 die
345 935 395 993 13.
420 912 530 992 Martii
555 936 646 992 1791.
669 928 819 992 conclusa
850 931 999 1011 fuerunt,
1030 939 1062 995 et
1082 934 1119 993 in
1156 951 1276 1012 qnorum

161 1039 291 1118 negotia
312 1043 380 1098 tum
401 1055 556 1119 pascum
578 1037 684 1098 Turca
706 1036 846 1099 nondum
867 1033 962 1115 plene
993 1039 1094 1112 inita,
1129 1044 1199 1098 tum
1225 1039 1279 1098 Bo·

158 1145 246 1206 russi
268 1143 371 1204 minae
392 1140 460 1203 noir‘
478 1161 588 1230 parum
604 1143 784 1218 influxere,
809 1141 847 1202 de
870 1144 984 1203 merito
1016 1142 1203 1224 Religionis
1223 1143 1277 1223 pri·

161 1269 245 1312 mum
270 1269 305 1310 ea
328 1248 498 1309 occasione
521 1249 638 1308 acriter
661 1245 902 1326 disputabatur:
926 1246 1000 1316 dum
1030 1251 1180 1328 Puncta,
1212 1266 1277 1330 quae

160 1351 339 1437 nipiomu
359 1373 417 1434 por
440 1355 565 1440 Regem
582 1359 724 1431 tempore
752 1354 1004 1432 inaugurationis
1036 1374 1117 1417 suae
1150 1354 1277 1418 subscri-

161 1458 269 1562 hendo
281 1465 320 1533 et
348 1460 525 1545 iuramento
557 1455 714 1521 firmando
745 1457 916 1520 inserenda
947 1467 1067 1540 erant,
1087 1460 1277 1522 discuteren-

74 1648 76 1652 .
160 1540 222 1628 tur.
247 1564 312 1627 Sed
334 1585 435 1645 neque
458 1543 503 1626 dc
520 1585 557 1626 eo
581 1563 728 1625 convenit
750 1583 823 1624 mox
844 1561 928 1626 i'nter
956 1565 1085 1627 Status:
1121 1586 1164 1627 an
1191 1583 1277 1645 nego-

90 1650 94 1666 ⁵
160 1648 263 1732 tiuln'
253 1646 463 1751 Religionis·-
473 1648 512 1731 ln
535 1670 695 1732 iiomitiis
735 1668 875 1747 assumi,
906 1676 961 1731 aut
987 1671 1097 1750 potins
1131 1671 1279 1732 decisioni

160 1777 281 1855 Regiae
304 1777 487 1865 Modestatis
507 1773 647 1855 relinqui
668 1775 808 1838 debeati
831 1779 958 1863 Cieros
962 1769 1152 1864 Cocdolr'cus
1185 1775 1275 1836 diser-

160 1888 192 1943 te
216 1879 405 1944 declaravit:
429 1901 464 1944 se
486 1881 528 1942 ad
550 1879 669 1942 nullam
691 1882 724 1942 in
746 1885 913 1961 praesente
943 1852 1128 1962 Religionis
1160 1881 1277 1962 negotio

161 1985 380 2065 discussinem,
394 1994 426 2048 et
447 1987 742 2050 accomodationem
764 1985 914 2071 accedere
935 1984 1017 2048 veile
1041 1993 1073 2047 ct
1104 2005 1223 2068 posse3
1252 1992 1278 2047 at

161 2094 264 2154 maior
285 2074 430 2156 Statnum
452 2113 526 2172 pars
549 2095 744 2174 argumentis
766 2093 967 2172 potissimum
990 2093 1086 2172 istis,
1113 2091 1202 2173 quod
1221 2092 1278 2154 liar

159 2199 230 2282 ipse
253 2198 295 2259 ad
316 2199 398 2260 ritus
421 2199 643 2261 confessionis
666 2197 931 2279 Evangelicorum
957 2199 1045 2260 iuxta
1074 2205 1205 2285 tenores
1226 2198 1278 2259 Pa·

160 2303 588 2383 cideationuumliieuucnsis
611 2310 643 2366 et
665 2304 838 2388 'Lincensis
866 2301 1138 2381 accomodandos·
1152 2323 1277 2391 propen-

161 2429 216 2473 sus
240 2405 300 2487 sit,
320 2407 410 2489 ,quod
431 2408 612 2491 Religionis
634 2410 802 2491 negotium,
819 2429 912 2471 unam
934 2429 951 2471 e
969 2410 1156 2491 praecipuis
1193 2411 1276 2472 Pote-

163 2517 257 2579 statis
281 2514 496 2596 Legislativae
523 2517 671 2596 ¹partibus
704 2498 892 2598 constituat,
925 2514 1010 2595 quod
1040 2515 1073 2575 in
1098 2514 1278 2596 Diplomati·

159 2623 218 2685 bus
240 2621 482 2701 inauguralibus
504 2620 665 2700 Leopoldi
688 2628 720 2683 et
742 2620 851 2683 Caroli
875 2620 927 2683 Vl.
962 2621 1111 2682 meritum
1145 2619 1276 2701 Religio-

158 2730 209 2791 nis
230 2729 385 2835 insertum
408 2729 471 2822 sit,
494 2727 581 2809 quod
603 2726 738 2807 denique
761 2728 929 2788 consensio
960 2734 1089 2806 mutua,
1123 2728 1276 2808 Regnique

159 2807 307 2919 ielicilas
322 2810 447 2913 exigat,
470 2832 505 2892 ut
526 2830 661 2894 notabili
683 2832 763 2893 adeo
786 2831 898 2912 populi
915 2831 1057 2912 portioni
1081 2851 1142 2894 sua
1166 2833 1276 2893 tribua·

96 2995 106 3006 .
159 2940 222 3001 tur
224 2919 336 3000 etiam
351 2924 499 3016 ιιιιιιιοιιι
520 2936 674 3017 religioso
698 2939 873 3016 securitas,
895 2934 1073 3017 legalisque
1111 2938 1277 3000 consisten-

158 3046 265 3106 tia—
290 3043 467 3105 conclusit:
491 3045 652 3124 negotium
673 3038 853 3123 Religionis
885 3041 1116 3122 diplomaticae
1149 3045 1276 3106 sanctio·

158 3151 192 3210 ni
221 3120 441 3211 inserendum
454 3169 524 3212 esse
550 3146 700 3222 981).Α1ι
729 3149 792 3210 hoc
821 3150 930 3228 itaque
960 3154 1109 3227 tompore
1140 3152 1275 3212 meritum

158 3250 400 3333 religionarium
421 3256 609 3334 universim,
633 3262 664 3315 et
684 3256 717 3315 iu
748 3275 785 3315 eo
817 3261 913 3334 caput
942 3270 1068 3350 quoquc
1103 3253 1146 3317 de
1176 3255 1275 3319 matri·

103 3425 130 3443 ,ι
158 3360 279 3432 moniis
299 3345 440 3440 disparis
468 3360 635 3442 religionis
665 3380 776 3440 magna
806 3361 983 3422 animorum
1014 3363 1224 3424 contentione
1248 3361 1275 3422 in

157 3466 307 3528 comitiis
331 3465 542 3547 disceptatum
565 3445 806 3547 discussumque
827 3466 899 3527 fuit.

172 3744 300 3802 creater
327 3737 447 3804 Uirrium
466 3714 581 3803 etJActa
606 3737 777 3803 comitiorum
802 3749 900 3801 magno
927 3737 1081 3786 adiumento
1109 3737 1191 3785 nobis
1210 3739 1269 3786 ιιιιιι

192 3830 356 3893 Actaetism
372 3831 515 3885 secretiora
532 3829 628 3896 partim
645 3829 674 3880 in
693 3829 780 3894 Regio
797 3827 893 3890 partim
910 3826 940 3877 in
957 3828 1116 3878 Ptianatiats'
1143 3826 1270 3878 saeuum

174 3922 312 3983 „inventa

210 4007 298 4074 ,981)
338 4005 461 4064 niarium
489 4013 678 4079 ,comitiorum
720 4012 809 4074 licant
842 4011 930 4074 Πιιιι.
972 4024 996 4060 o.
1040 4003 1143 4082 179οΛ
1182 4011 1271 4063 Μαι.

186 4097 279 4161 1⁷9!-
302 4118 363 4166 roo·
380 4101 443 4157 m.
460 4120 494 4156 ιι.
