2798 4838
554 330 556 334 ,
588 290 638 311 -·
664 257 740 332 tos
765 295 816 310 -
911 282 914 287 ·

130 420 199 464 nou
220 370 402 484 pertinere,
433 364 688 462 Protestsntesve
710 400 743 464 in
767 420 805 462 ao
833 400 1004 482 insigniter
1031 401 1094 465 sihi
1125 409 1253 468 coatra-

132 506 264 586 dinere,
286 505 375 588 quoi
394 505 597 568 matrimonio
619 505 807 587 dignitatem
836 505 1031 569 sacramenti
1063 505 1253 585 detrahant,

131 618 165 675 ct
184 619 295 675 umen
316 613 350 673 in
371 610 591 673 benedictione
622 609 805 673 Sacerdotis
831 609 997 676 catholici
1026 607 1101 674 tam
1120 611 1254 676 muitum

132 723 292 799 reponant
299 762 311 802 ,
341 721 377 779 ut
403 715 485 778 hanc
514 722 661 798 potenter
687 717 845 792 urserinte
865 716 904 789 h)
936 715 1090 798 Sponsam
1117 716 1254 782 catholi-

132 842 204 884 cam
226 825 297 885 viro
318 820 497 886 acatholico
520 823 589 884 sine
610 823 764 904 praestita
786 821 932 884 cautione
954 821 995 884 da
1023 820 1178 905 religione
1199 843 1253 888 cae

131 926 256 990 thelica
278 927 416 1008 prolium
435 923 606 990 nubentem
627 946 779 1007 peecare,
800 928 1072 993 natumontnmve
1094 927 1159 992 tale
1180 948 1252 992 esra

130 1032 320 1108 immorale3
342 1038 376 1106 c)
398 1034 515 1095 honum
536 1031 613 1096 fidei
635 1031 813 1112 coniugalis
835 1029 968 1096 multum
988 1036 1056 1115 pati
1076 1029 1146 1118 ‘por
1167 1036 1252 1098 mir·

132 1145 184 1201 tas
206 1139 359 1219 nuptias,
382 1157 453 1201 cum
474 1157 532 1200 nec
564 1156 693 1219 sperare
724 1136 838 1219 liceat,
867 1136 963 1201 talem
989 1140 1075 1202 inter
1101 1139 1251 1221 coniuges

132 1242 293 1325 religione
315 1244 460 1324 dispares
481 1245 732 1307 communionem
753 1244 930 1307 animorum
950 1242 1156 1325 molituram,
1174 1265 1252 1326 qoa-

131 1347 197 1410 lem
221 1347 425 1412 sublimiores
448 1349 642 1411 matrimonii
663 1351 744 1411 fines
767 1358 963 1429 exposcunt,
994 1369 1053 1413 nec
1080 1353 1185 1432 possit
1203 1351 1253 1414 ihi

131 1472 206 1516 vera
228 1451 424 1516 intercedere
446 1453 576 1516 dilectio
599 1453 758 1534 aclides,
792 1453 848 1517 uhi
869 1455 1019 1536 coniuges
1048 1456 1088 1518 ah
1118 1456 1251 1519 {nucem

131 1556 291 1638 religiosa
315 1558 460 1621 dividunt
488 1560 654 1642 principle.
687 1592 725 1604 -
754 1558 805 1623 Au
834 1567 1025 1623 monadum:
1053 1561 1155 1624 instar
1183 1566 1251 1625 ma-

133 1662 263 1726 sliornm
285 1664 468 1727 occurrendi
490 1658 714 1727 collisionibus
734 1685 793 1747 pro
815 1665 924 1728 futuro
951 1667 1122 1746 proponite
1145 1666 1250 1746 Spon-

132 1788 180 1831 so
201 1768 363 1832 catholieo
393 1772 564 1848 existente,
595 1768 870 1852 copulationema
900 1770 1073 1834 Sacerdote
1104 1768 1250 1840 Catholi-

132 1894 193 1954 co,
217 1894 310 1938 aecus
332 1896 350 1939 a
372 1877 515 1938 ministro
538 1876 766 1958 protestantico
788 1876 999 1957 peragendam
1006 1897 1017 1953 ς
1035 1876 1249 1939 assistentiam
1314 1874 1318 1881 '

132 1985 241 2044 antem
261 1982 418 2062 passivam
440 1982 571 2065 parochi
585 1979 743 2044 catholici
763 1978 852 2042 nullo
881 1981 915 2042 in
945 1998 1020 2044 casu
1051 1979 1248 2062 negandam,

131 2086 197 2148 nisi
227 2089 462 2149 matrimonium
491 2106 508 2149 e
537 2105 632 2150 sensu
670 2105 823 2148 canonum
851 2091 939 2150 asset
968 2084 1150 2150 invalidum.
1180 2086 1249 2150 liae

132 2197 279 2254 amunta
300 2211 454 2273 cynosura
475 2193 630 2272 Regimen
650 2191 857 2283 Borussicum
879 2194 998 2273 ahsqna
1020 2212 1080 2272 eo,
1101 2200 1137 2255 ut
1169 2191 1250 2255 iidi-
1276 2185 1290 2202 ⁸

133 2301 222 2358 etum
243 2297 284 2360 li.
306 2299 380 2359 anni
404 2301 496 2360 1825.
518 2304 640 2359 mutare
660 2294 710 2358 vel
732 2297 886 2378 abrogare
907 2316 1072 2366 necessum
1094 2298 1154 2380 sit,
1173 2317 1249 2360 con-

132 2403 309 2464 troversiae
330 2400 425 2464 facile
449 2403 575 2467 obviare
598 2423 713 2484 posse,
737 2406 863 2467 asserit.
888 2385 950 2476 ⁷⁶⁶)
1025 2470 1029 2488 ‚

236 2510 311 2570 243.
334 2512 464 2571 Gloaaoo
480 2526 525 2571 zu
541 2515 602 2571 deo
616 2512 837 2587 urwuponyen
859 2514 945 2571 eines
967 2513 1167 2572 rheinischeo
1181 2513 1248 2570 Jo-

131 2615 255 2690 rr'rten,
277 2619 346 2674 uod
372 2619 433 2675 deo
451 2619 782 2692 Rechtaproodaaimco
805 2618 891 2674 eines
913 2617 1112 2675 rheinischen
1135 2617 1248 2675 hood-
1292 2617 1294 2627 '

131 2720 475 2797 ooriehtapreiaa'deoteo
491 2723 526 2779 in
549 2712 606 2780 der
630 2713 918 2794 hrzoiaceofitcoea
945 2722 1057 2793 Socho.
1079 2722 1175 2780 Netst
1197 2722 1247 2780 et·

130 2840 207 2885 near
221 2803 375 2902 Anhanpe
388 2826 468 2887 ouer
484 2827 535 2886 dte
551 2823 689 2898 schrift:
710 2826 766 2884 dic
776 2806 860 2884 koch.
878 2825 997 2884 Kiroice
1009 2826 1044 2883 in
1060 2830 1118 2885 der
1129 2841 1246 2901 prena-

131 2931 260 2991 maen
276 2931 540 3008 Romoprooinn,
552 2919 621 2992 oo'd
637 2936 695 2992 dor
709 2928 906 3002 Erziiaoitof
916 2918 1086 2991 ooo'Keiio.
1107 2930 1176 2991 Voo
1197 2934 1247 2990 ot·

130 3050 209 3095 oreos
224 3036 453 3097 hemmenam.
468 3036 646 3114 Aapsoorp.
662 3039 763 3105 1888.
788 3033 1027 3116 suspensionem
1049 3034 1164 3113 Alippi
1182 3033 1246 3096 Co·

131 3133 290 3200 laniensis
312 3158 331 3200 a
354 3156 412 3200 suo
433 3158 578 3216 munere,
599 3142 789 3205 auctoritate
811 3137 962 3203 duntaxat
982 3128 1156 3203 Ministelii
1182 3139 1246 3202 ue-

131 3241 181 3324 git
202 3240 457 3326 extraju'iiciaria
485 3245 628 3327 iactam,
649 3236 709 3309 neo
737 3248 853 3310 iustam
879 3264 938 3308 nec
963 3242 1156 3327 legitimam,
1187 3242 1245 3307 sesi

129 3348 243 3437 potius
263 3346 435 3412 violentam
455 3350 535 3413 iuris
557 3350 655 3415 aliani
676 3353 913 3433 usurpationem
943 3350 1046 3414 fuisse
1074 3370 1111 3413 ex
1142 3349 1246 3413 Gano-

111 3490 115 3495 -
129 3452 228 3517 aistis
249 3453 504 3533 Protestantibns
528 3438 673 3538 Grotio,
684 3455 826 3541 heysero
834 3499 849 3537 ,
862 3455 1076 3537 Puiiendorflo
1095 3462 1156 3517 etc.
1171 3473 1245 3536 pro·

129 3558 197 3622 hat.
221 3557 338 3622 Contra
355 3559 486 3639 'adserta
502 3580 580 3641 ,vero
602 3563 795 3641 Auctorum,
817 3581 898 3644 quos
918 3561 1006 3624 iuxta
1026 3557 1154 3623 titulum
1170 3578 1245 3643 ops·

130 3663 179 3727 ris
200 3661 398 3738 refellendos
420 3667 562 3751 suscepit
584 3661 660 3748 w),
683 3664 895 3733 demonstrat:
915 3666 973 3729 Jua
995 3665 1188 3741 canonicum
1209 3664 1244 3726 in

134 3848 382 3870 Μ

162 3966 165 3971 ‘
200 3954 270 4024 766)
294 3963 496 4028 accendones:
531 3964 606 4017 Gar
620 3934 729 4015 saort
753 3966 936 4022 neceesarium
960 3967 1007 4026 {sir
1032 3965 1076 4016 die
1101 3922 1241 4026 emanasse

165 4053 291 4104 dranche
306 4052 449 4107 Literator.
465 4046 619 4110 'xmus
637 4052 756 4119 heinmo.
782 4053 872 4108 1888.
889 4071 915 4116 p.
933 4052 1000 4109 181.
1017 4083 1054 4096 -·
1070 4056 1245 4119 stramem

166 4145 410 4207 Reltor'osrfreaod.
433 4144 521 4199 1800.
535 4146 565 4206 n.
583 4144 673 4201 1610.
690 4138 726 4189 ·-’
744 4148 877 4200 acaciae.
904 4146 956 4202 08.
973 4151 1007 4202 Β.
1026 4150 1136 4210 Sreuerr
1153 4143 1243 4200 1840.

144 4245 191 4292 ψ.
210 4232 276 4288 195.

201 4324 270 4390 067)
289 4331 323 4380 ei.
342 4323 365 4394 6.
382 4329 445 4384 204.
463 4332 513 4384 No.
534 4329 593 4385 166.
612 4357 647 4372 -
665 4326 687 4397 6.
706 4333 846 4388 006161.
867 4338 895 4388 et
912 4331 972 4389 165.
999 4368 1009 4410 J
