2798 4838
577 249 807 324 -184-

134 394 188 463 dd.
203 399 254 460 30.
272 394 361 478 Sept.
382 397 474 459 1828.
498 393 540 457 od
562 392 730 475 quemdam
752 396 852 457 virum
883 392 1138 460 ecclesiasticum
1162 393 1259 478 dedit,

134 522 290 587 quamque
311 503 395 564 inter
417 506 624 564 Monumento
645 506 756 564 nostra
776 521 980 564 recensemus
992 499 1079 582 ³⁵²),
1111 508 1258 586 apparet:

134 616 212 692 post
241 612 423 688 susceptam
453 626 513 690 per
544 606 751 669 Comitem
782 603 1006 689 aSpiegel
1034 626 1145 671 mense
1175 608 1256 671 Maio

136 719 229 778 1825.
258 712 548 776 Archidioeceseos
579 709 784 775 coloniensis
814 713 1099 794 gubernationem,
1132 732 1203 776 eam
1231 715 1298 799 1ιῇ

134 819 350 884 celebratione
391 821 561 881 mixtorum
593 818 730 881 matrim.
761 819 794 880 iu
823 839 916 880 usum
953 817 1123 882 deductam
1162 819 1257 880 fuisso
1291 808 1298 829 ²

134 946 294 1005 normam,
333 931 369 986 ut
388 921 675 1005 ,proclamationes
714 944 904 1006 sponsorum
940 924 1057 987 mixtae
1093 923 1257 1005 religionis

135 1049 212 1096 casu
235 1033 267 1094 in
285 1032 373 1094 omni
394 1031 633 1109 instituantur,
646 1026 810 1110 copulatio
832 1049 907 1091 vero
929 1030 1058 1094 nonnisi
1078 1035 1169 1110 tunc,
1193 1029 1257 1092 dun

32 1126 35 1130 ¹
136 1138 248 1220 spousi
271 1136 311 1200 de'
335 1134 525 1200 educatione
548 1134 708 1200 catholica
730 1135 908 1198 futurarum
935 1133 1077 1217 prolium
1098 1136 1258 1199 sufficien-
1295 1118 1298 1179 1

137 1251 203 1307 tem
223 1245 378 1326 praebent
400 1241 624 1321 securitatem,
647 1261 740 1305 secus
762 1249 869 1304 autem
890 1242 1025 1322 parochi
1045 1244 1133 1323 parti
1156 1242 1259 1305 catho·

135 1346 220 1412 licae
245 1351 406 1431 scriptum
436 1349 654 1409 testimonium
685 1346 726 1410 de
748 1344 838 1409 nullo
870 1348 1076 1410 subversante
1113 1349 1259 1412 canonico
1290 1332 1298 1427 J

137 1452 367 1537 impedimento
392 1452 468 1515 dare
491 1459 679 1533 teneantur,
696 1454 729 1515 in
752 1453 851 1516 Sacro
876 1448 1002 1516 demum
1024 1453 1261 1534 Tribunalt,si

136 1581 213 1643 pars
235 1556 395 1622 catholica
419 1577 515 1638 super
539 1557 681 1622 admisso
703 1565 836 1641 peccato
863 1558 986 1622 sincere
1005 1557 1133 1642 doleat,
1158 1559 1261 1624 eaden

143 1662 269 1731 absolvi
291 1662 387 1728 etad
409 1663 612 1727 Sacramenta
634 1664 758 1727 admitti
780 1665 896 1745 possit.

626 1834 664 1929 p.
691 1835 777 1908 ιιι.

137 1974 353 2036 cimber-nio
366 1973 595 2034 Borussteo
613 1973 808 2032 Edictum
823 1974 1004 2046 Regium
1017 1972 1123 2032 anmi
1146 1975 1263 2033 188⁸.
1292 1960 1298 2009 ἕ

135 2067 185 2126 im
195 2070 284 2125 toto
298 2082 377 2125 suo
392 2073 541 2125 tenore
564 2081 591 2123 ro
604 2067 804 2139 parochis
830 2068 1048 2125 observari
1069 2071 1261 2136 mserum,

136 2160 333 2232 Episcopi
346 2158 596 2217 facultatem
619 2162 800 2216 Romam
821 2157 1074 2218 recurrendi
1099 2161 1277 2230 perunte.

135 2255 228 2310 Rex
244 2252 422 2323 petitam
444 2249 698 2308 facultatem
716 2252 889 2322 tribuit,
915 2252 991 2309 sed
1011 2257 1100 2309 tom
1119 2265 1174 2307 ex
1190 2255 1261 2308 Be·

135 2344 239 2414 giis,
260 2358 390 2415 quam
411 2341 763 2401 ministerialibus
789 2342 929 2400 literis
957 2345 1012 2400 ad
1037 2343 1259 2414 Episcopo!

137 2437 250 2496 naus
272 2438 390 2495 ultro
421 2440 618 2506 oppon-et,
645 2434 893 2492 facultatem
917 2437 1097 2491 Romam
1124 2449 1258 2494 recur-

322 2526 447 2585 rendi
460 2526 640 2584 mimium
653 2527 927 2585 constr-iotam
937 2526 1089 2584 rosisse·

244 2690 442 2769 Quamquam
476 2687 631 2766 Episcopi
669 2688 909 2751 Provinciarum
942 2684 1199 2750 occidentalium
1231 2685 1254 2747 iu

138 2790 303 2875 sequelam
324 2792 435 2856 Edioti
456 2794 552 2873 Regii
575 2790 616 2853 ad
638 2794 864 2855 concessiones
886 2793 982 2872 illas,
1018 2812 1096 2872 quas
1121 2797 1253 2874 exparte

136 2897 303 2964 Ecclesiae
327 2899 435 2961 facere
467 2918 501 2960 se
524 2917 621 2980 posse
654 2899 895 2979 existimabant,
925 2897 1071 2960 lubenter
1093 2899 1254 2974 faciendas,

140 3009 178 3066 ut
207 3004 422 3082 §.superiore
446 3003 665 3082 ostendimus,
693 3022 728 3064 se
759 3002 1054 3066 determinaverint:
1085 3026 1155 3070 cnm
1186 3003 1298 3093 nihi-„⁸v

139 3105 281 3170 lominus
305 3104 357 3168 vel
384 3127 481 3189 penes
510 3108 569 3169 has
599 3109 821 3170 concessiones
852 3110 935 3171 circa
964 3109 1203 3190 copulationem
1229 3127 1254 3170 ea
1296 3102 1298 3117 ²

138 3212 323 3275 introducta
344 3211 431 3276 foret
457 3214 585 3294 praxis,
617 3218 652 3274 ut
672 3213 752 3275 haec
780 3235 799 3276 a
821 3216 971 3296 parochis
991 3214 1164 3278 catholicis
1193 3235 1255 3299 nou·

140 3317 207 3379 nisi
237 3318 271 3378 iu
293 3319 422 3382 casibus
450 3319 642 3381 sufficientis
674 3301 816 3381 cautelae
846 3340 905 3401 per
927 3341 1062 3402 sponsos
1091 3321 1133 3383 de
1156 3320 1255 3384 educa·
1294 3366 1298 3413 i

138 3423 228 3485 tione
257 3423 416 3486 catholica
448 3422 589 3503 prolium
617 3427 744 3505 praevie
776 3427 939 3507 praebitae
977 3425 1255 3490 administraretm:
1285 3412 1298 3497 ‘j

141 3530 328 3593 assistentia
349 3549 422 3592 vero
445 3528 631 3594 istiusmodi
659 3529 877 3594 conditionata
901 3533 1098 3595 Guberuium
1120 3531 1255 3597 Borussi·
1288 3506 1298 3611 1

139 3655 232 3713 cum,
262 3655 418 3697 excausa
442 3637 506 3698 iam
528 3656 627 3718 supra
648 3636 791 3698 indicata
807 3635 888 3716 ³⁵³),
916 3639 1046 3699 minime
1075 3645 1257 3717 contentum,
1292 3614 1298 3625 ⁶

141 3739 295 3809 Edictum
316 3742 454 3822 Regium
476 3743 550 3804 anni
574 3747 667 3805 1825.
689 3744 722 3804 in
739 3750 808 3806 toto
833 3764 891 3807 suo
912 3741 1089 3824 complexu,
1113 3752 1146 3808 et
1162 3745 1205 3808 ad
1221 3739 1257 3807 ul·

57 3854 60 3863 ’
142 3847 275 3923 timum,
298 3851 333 3907 ut
354 3847 462 3935 aiunt,
484 3848 605 3930 apicem
621 3848 655 3910 in
674 3852 892 3912 executionem
909 3850 993 3912 sumi
1008 3859 1157 3932 urgeret,
1180 3850 1274 3925 adeo,

43 3968 49 3975 ’
143 3957 180 4014 ut
206 3951 340 4033 parochi
369 3955 489 4034 absque
518 3952 586 4017 nlla
617 3955 817 4037 conditione,
849 3977 907 4020 seu
934 3954 1096 4020 catholiea
1127 3955 1265 4021 educatio

145 4076 391 4092 fl——n-———

213 4142 281 4206 352)
300 4146 389 4194 Mon.
409 4134 471 4196 148.
490 4161 551 4212 pag.
571 4147 632 4201 176.
650 4174 686 4188 -
704 4150 849 4214 natantia,
868 4151 929 4203 eine
947 4150 1021 4212 retia.
1043 4151 1207 4211 zeitschrift.
1226 4141 1281 4200 ar·

176 4237 209 4287 B.
229 4236 334 4294 socier.
353 4233 440 4287 1829.
460 4250 486 4294 p.
506 4235 554 4289 74.

211 4324 279 4390 1153)
298 4329 333 4378 ct.
351 4321 374 4390 1.
402 4327 462 4378 103.
