2798 4838
511 303 561 318 -
587 248 740 337 aea—
791 330 800 351 ,

60 409 250 490 ceteroquin
271 411 441 490 inoperose
471 411 694 500 erigerentur,
720 430 822 491 neque
846 407 957 471 talium
970 406 1119 489 'prolium
1137 397 1191 473 ca-

60 514 217 576 tholicum
241 515 461 577 educationem
484 519 665 597 importune
687 516 858 595 urgebitis3
874 521 1012 577 attamen
1033 516 1192 597 privatam

59 623 233 701 coniugum
264 620 478 702 voluntatem,
502 624 535 682 in
559 629 707 712 qnantum
730 620 795 703 legi
824 628 1041 702 praeattactae
1064 628 1192 684 contra·

58 731 109 788 ria
132 748 195 787 non
218 728 336 810 fuerit,
368 729 569 808 exquirentes
598 731 769 791 intentioni
799 729 910 790 matris
942 726 1108 790 Ecclesiae
1133 729 1191 790 ob·

61 833 238 894 secundare
261 839 355 912 atque
379 833 568 915 disciplinae
593 834 832 897 ecclesiasticae
853 834 917 895 hoc
938 836 971 894 in
987 839 1105 913 puncto
1128 833 1191 896 iam

60 941 142 1000 satis
166 941 357 1019 conspicuae
387 939 595 1002 conformiter
616 960 712 1022 agere
734 947 857 1003 vestrae
889 937 1096 1020 obligationis
1119 958 1191 1002 esse

59 1046 250 1106 noveritis.”
280 1040 356 1115 ¹⁰⁹⁶)

577 1264 585 1282 .
615 1217 706 1287 2815

296 1352 539 1432 litterature
549 1214 609 1414 §cx
627 1355 955 1416 Tremellium.

167 1519 241 1576 450.
271 1516 431 1579 Petrus
462 1517 570 1596 Boi,
600 1517 639 1581 V.
662 1519 700 1580 li.
732 1518 883 1581 Minister
907 1518 940 1578 in
973 1516 1194 1594 ’15555505-

62 1626 174 1698 555555
194 1626 288 1682 Juris
318 1627 542 1703 connubialis,
564 1645 622 1687 seu
649 1633 809 1687 tractatus
838 1631 877 1686 de
894 1628 977 1684 Jure
1009 1624 1194 1683 Coneeoio·

62 1746 147 1789 rum.
181 1732 304 1789 0555555.
334 1735 434 1790 1763.
453 1731 533 1792 ⁴Tit.
556 1729 595 1793 V.
619 1729 658 1792 de
687 1728 890 1810 copulatione
930 1728 1195 1808 desponsaturum

62 1853 95 1914 p.
120 1837 170 1893 29.
193 1834 328 1895 asserite
358 1834 568 1917 hierologiam
591 1856 649 1897 seu
677 1835 931 1897 benedictionem
961 1830 1194 1896 sacerdotalem

63 1944 120 2000 aut
144 1937 381 2023 copulationem
403 1943 449 2004 ita
471 1964 542 2004 esse
565 1942 606 2003 ad
629 1941 770 2003 valorem
792 1934 988 2003 matrimonii
1016 1936 1195 2000 necessari·

64 2064 143 2122 am,
167 2053 202 2105 ut
223 2046 343 2125 absque
367 2067 403 2109 ea
424 2050 659 2111 matrimonium
683 2046 890 2122 sitandam,
915 2057 947 2107 et
969 2045 1063 2108 liberi
1086 2041 1194 2137 illegi-

62 2150 153 2212 timi:
176 2169 273 2230 posse
296 2159 433 2214 attamen
457 2156 639 2232 Principem
664 2154 895 2216 diuturniorem
926 2151 1195 2213 cohabitationem

61 2273 258 2335 'sponsorum
282 2260 470 2320 confirmare
493 2266 525 2321 et
540 2280 598 2340 pro
620 2258 765 2340 legitimo
782 2260 989 2320 matrimonio
1012 2255 1195 2334 declarare,
1278 2332 1280 2339 y

67 2364 129 2422 etsi
149 2382 214 2423 non
238 2364 371 2426 accedat
393 2365 556 2446 copulatio
585 2367 913 2445 ministritioniogia
935 2366 1032 2425 mixta
1054 2363 1120 2424 Tit.
1139 2360 1194 2423 xi.

64 2487 100 2548 ps
121 2471 170 2529 54.
193 2489 236 2531 ss.
268 2471 376 2532 censet
405 2472 620 2550 prohibenda,
653 2492 724 2532 cum
746 2474 819 2534 fieri
841 2475 892 2533 vix
917 2471 1039 2553 possit,
1058 2476 1093 2529 ut
1112 2469 1140 2530 si
1159 2486 1195 2527 o·

18 2622 31 2643 .
65 2573 120 2634 dio
142 2575 186 2636 sit
215 2572 331 2656 religio
365 2578 526 2657 coniugis,
551 2576 583 2638 id
613 2596 677 2636 non
708 2578 866 2640 redundet
886 2578 919 2638 in
949 2572 1196 2661 personamrln

63 2676 190 2759 reliquo
223 2682 343 2742 Auctor
371 2682 424 2743 hic
455 2683 643 2744 Protestans
685 2682 757 2743 ideo
788 2703 910 2764 qnoque
940 2679 1098 2742 notandus
1127 2685 1195 2759 est,

64 2783 152 2866 quod
174 2788 296 2865 praxim
320 2787 585 2861 matrimonialem
608 2787 898 2877 'l‘ranssilvanicam
921 2793 1092 2870 proponat.

169 2896 242 2953 451.
266 2892 468 2954 Salomon
491 2894 666 2972 ldzsei,
691 2894 794 2966 (Proi.
811 2895 954 2957 Reform.
972 2887 1194 2973 Claudiopol.)

64 3014 108 3060 az
130 3003 251 3077 etepyee
271 2996 470 3077 brizaeseipole
502 2999 631 3062 15555555
641 3047 652 3082 ,
674 3006 847 3063 1501055555
868 3019 910 3064 az
932 2992 1196 3078 115555μί505υὸ-

64 3109 149 3182 sepeli
157 3101 415 3182 aaemponcjdbdi.
425 3111 498 3167 1155
520 3104 1019 3185 eeKiilsild.Kotozeeeir.1841.
1037 3110 1112 3165 Nro.
1131 3106 1195 3163 44.

65 3227 217 3287 magnum
238 3231 406 3290 gravamen
429 3214 623 3274 constituere
646 3212 929 3292 in'l'ranssilrania
953 3206 1195 3295 denegationem

67 3313 300 3376 benedictionis
323 3319 355 3378 in
374 3325 465 3379 matr.
489 3320 617 3402 mixtis,
640 3320 850 3400 iniuriamque
865 3338 928 3380 non
945 3315 1046 3388 levem
1069 3315 1194 3392 utrique

68 3420 239 3500 coniugum
261 3423 343 3502 parti
367 3425 478 3502 perid
500 3416 614 3485 inferri
645 3426 838 3505 persuadere
856 3423 986 3513 studet.
1016 3416 1092 3492 1097)

171 3531 244 3588 452.
267 3530 318 3590 Aa·
338 3527 469 3609 Erde'lyi
499 3535 708 3608 lairiapoisbao
729 3533 758 3592 α’
781 3550 895 3610 eepyes
922 3523 1122 3605 bdzueseipoie
1152 3531 1196 3584 0-

65 3630 186 3712 pye'ben
208 3637 326 3697 15055055
345 3614 437 3697 neree
466 3633 760 3716 bootiroe'npazerei
789 3632 998 3698 e'szreoe'teleie
1026 3629 1106 3694 ierat
1123 3635 1196 3708 iqu-

74 3785 319 3804 w

139 3880 222 3945 1096)
241 3883 402 3944 iincyciieas
420 3886 551 3948 Episcopi
571 3886 722 3936 l'runssilv.
743 3888 865 3936 obtinere
884 3887 955 3932 baud
973 3884 1128 3946 potuimus,
1144 3894 1197 3941 ¹tan·

102 3976 136 4024 de
151 3977 257 4025 nonnisi
267 3980 350 4027 verba
363 3979 487 4027 citeto'ex
498 3983 647 4040 opusculo:
668 3981 707 4028 ,45
731 3975 843 4037 Erde'iqi
861 3978 1039 4033 birlauoiebem
1057 3976 1082 4024 a’
1102 3985 1197 4033 aeques

101 4061 273 4143 bee'aasseiqoic¹
284 4065 402 4130 0555055
420 4073 516 4119 tiatira
533 4066 608 4119 bireti
626 4072 750 4132 ipuzitou.
771 4065 856 4138 1841.
875 4082 936 4131 aaa
955 4064 983 4117 9.
1003 4066 1196 4117 desumsimns.

138 4155 220 4219 1097)
239 4162 343 4211 Auctor
362 4163 445 4212 edidit
464 4177 487 4211 a.
508 4162 585 4213 1840.
616 4160 787 4224 Claudiopoli
818 4137 1070 4211 commentationem
1097 4159 1198 4206 tbeolo·

100 4250 325 4308 eico-bistoriccm
343 4256 376 4305 de
394 4261 463 4304 statu
482 4256 620 4306 Ecclesiae
647 4244 997 4317 10555555155-155555555555
1014 4253 1043 4300 io
1062 4251 1196 4300 11555511-

101 4356 191 4393 veiireu.
