2798 4838
592 205 794 276 ..gs-

629 435 664 528 §-
691 435 752 506 m.

130 574 279 634 variae
304 581 428 634 erant
461 575 696 634 sententiae
730 573 960 631 Doctorum
991 569 1103 628 clm
1135 552 1251 625 unffi

130 683 250 737 mn,
268 682 354 738 quc
367 667 569 727 inuncans
587 666 842 724 Benedictus
861 665 965 722 xlv.
982 660 1253 721 mam-uis

131 759 178 821 tn
203 759 370 831 nemo,
406 762 458 818 de
483 759 639 831 qmbus
661 759 708 816 lrr
737 756 1030 816 norinatim
1064 754 1255 813 cimon
1305 758 1308 767 ·

304 866 447 912 nermo
465 857 548 922 est,
565 851 706 909 valida
723 846 1084 922 pronunciaverit.
1293 852 1296 859 '

236 1008 307 1075 Non
331 1033 391 1075 una
414 1019 482 1075 crat
504 1015 673 1076 Doctorum
703 1031 798 1092 super
826 1011 887 1072 hac
909 1005 1135 1072 Declaratione
1155 1006 1257 1068 Bene-

135 1116 213 1180 dicti
236 1116 320 1182 x1v.
350 1120 525 1194 sententia,
562 1119 646 1198 quod
677 1117 716 1179 ad
747 1123 902 1179 rationem
933 1115 1068 1192 attinet,
1099 1113 1142 1175 oh
1165 1126 1259 1193 quam

134 1221 285 1284 Pontifex
306 1230 471 1303 permotus
496 1225 537 1285 sit
567 1223 607 1285 ad
630 1221 900 1303 pronunciandam
925 1218 1120 1282 validitatem
1148 1214 1259 1279 matri·

135 1327 314 1391 monlorum
344 1330 377 1391 lu
406 1328 541 1410 Belgio,
573 1329 751 1409 dequibus
775 1330 922 1408 quaestio
946 1333 1031 1404 erat,
1061 1344 1133 1385 cum
1163 1310 1259 1384 talem
1301 1368 1304 1373 .

135 1434 169 1495 ht
200 1431 421 1497 Declaratione
450 1455 507 1497 sua
538 1435 623 1496 haud
653 1440 894 1508 commemoret;
934 1420 1122 1512 sectaeque
1152 1426 1196 1490 dc
1224 1444 1259 1489 eo

134 1539 219 1601 inter
250 1538 406 1625 Doctores
444 1547 655 1619 convenerat,
692 1562 730 1603 an
763 1541 863 1602 statui
892 1539 1016 1619 possit,
1054 1530 1261 1598 Benedictus

135 1645 244 1726 reipsa
265 1650 326 1723 teet
349 1649 552 1709 Mantiane
575 1646 768 1728 derogasse,
792 1667 849 1707 seu
872 1647 904 1707 in
924 1642 985 1725 illa
1006 1631 1262 1721 dispensantem!

138 1750 234 1832 Quod
256 1751 297 1843 ad
318 1753 531 1832 posteriorem
555 1755 772 1833 quaestionem
795 1754 926 1814 attinet:
959 1745 1111 1830 permulti
1134 1744 1262 1828 quidem

137 1853 394 1919 Declaratiouem
424 1857 662 1944 Benedictinam
698 1857 783 1919 velut
821 1857 1091 1938 dispensationem
1126 1874 1149 1925 a¹
1177 1852 1264 1931 Papa
1296 1880 1303 1887 ··

139 1978 323 2023 concessam
352 1961 531 2042 habebant,
556 1958 627 2045 ¹qna
658 1963 810 2025 haeretici
842 1962 874 2024 et
908 1959 1061 2024 catholici
1091 1956 1207 2040 alege
1229 1956 1264 2019 B.

141 2066 324 2130 Tridentini
346 2070 531 2130 eximantur.
574 2069 694 2133 Verum
726 2060 863 2131 similior
884 2089 958 2131 vero
988 2065 1124 2155 illorum
1141 2063 1266 2139 ridetur

141 2173 318 2253 sententia,
340 2176 394 2254 qui
417 2173 669 2238 declarationem
699 2176 780 2238 hanc
812 2197 875 2237 non
904 2175 952 2236 uti
982 2160 1264 2254 dispensationem,

141 2277 204 2343 sed
223 2286 345 2342 tautum
369 2302 430 2362 qua
451 2282 663 2345 authenticam
686 2281 767 2362 legis
790 2281 999 2343 Tridentinae
1026 2272 1265 2355 interpretatio-

141 2394 214 2447 'oem
245 2387 415 2466 accipiunt.
467 2389 546 2450 Nam
577 2388 758 2451 Declaratio
788 2388 867 2450 hacc
896 2407 959 2448 non
990 2386 1096 2447 miuus
1134 2380 1262 2462 respicit

142 2476 344 2554 matrimonia
366 2500 458 2555 antea
480 2495 581 2573 inita,
614 2517 706 2575 quam
738 2515 817 2574 qnae
846 2500 960 2574 postea
988 2487 1126 2552 ineunda
1160 2480 1261 2561 eraut}

144 2594 261 2658 deiude
290 2616 328 2659 ex
356 2600 417 2677 ils,
447 2620 527 2680 quae
556 2602 588 2661 iu
612 2600 644 2663 S.
664 2601 919 2680 Congregatione
942 2595 1082 2659 concilii
1108 2595 1142 2655 iu
1173 2608 1264 2656 cauit

142 2702 207 2766 ista
229 2704 299 2766 acta
320 2703 412 2766 fuere
434 2701 511 2785 142),
534 2713 685 2788 apparet,
707 2706 914 2768 Benedictum
934 2705 1053 2784 Papam
1075 2721 1138 2763 uon
1164 2701 1266 2761 iuterr-

144 2806 232 2871 disse
253 2808 320 2891 legi
343 2810 552 2875 Tridentinae
576 2811 749 2892 derogare,
782 2812 840 2875 sed
862 2809 1003 2872 voluisse
1034 2806 1139 2870 solum
1162 2801 1266 2866 decla·

144 2935 237 2993 rare,
269 2936 309 2978 an
332 2937 370 2978 ex
391 2919 461 2978 eius
490 2924 602 2979 tenore
631 2926 662 2979 et
693 2939 730 2979 ex
752 2924 855 2979 menta
877 2915 1042 2979 Ecclesiae
1072 2912 1130 2975 illa
1160 2910 1267 2973 matri·

144 3021 271 3099 monia,
294 3020 334 3081 de
357 3024 474 3100 quibus
494 3025 640 3100 quaestio
664 3032 747 3084 mota
771 3023 853 3102 fuit,
876 3019 929 3084 lex
953 3041 991 3082 ea
1013 3020 1191 3100 respiceret
1212 3036 1267 3083 nec

147 3127 211 3186 ue'l
233 3155 275 3167 -
318 3118 511 3213 iteratione
533 3148 650 3209 porro,
682 3130 749 3191 sire
777 3130 915 3207 motivo,
953 3146 1055 3208 equo
1078 3122 1268 3186 Benedictus

146 3228 355 3312 utplurimum
375 3232 525 3295 inductus
555 3233 657 3297 fuerit
685 3234 726 3297 ad
751 3233 972 3297 declarandam
1001 3229 1271 3294 matrimoniorum

145 3333 260 3398 talium
281 3335 496 3418 validitatem,
520 3340 647 3421 quidam
672 3322 910 3403 existimarunt:
939 3340 1042 3402 instar
1072 3336 1185 3398 motivi
1207 3351 1273 3397 ean

149 3442 420 3535 circumstantiam
450 3444 591 3506 habitam
621 3444 744 3531 fuisse,
782 3444 869 3527 quod
900 3465 963 3506 nou
994 3444 1072 3506 satis
1111 3442 1275 3505 constaret

148 3545 346 3631 publicatum
366 3549 469 3612 fuisse
490 3551 522 3612 ln
546 3549 720 3613 Hollaudia
743 3553 779 3614 G.
798 3550 982 3614 Tridentini
1005 3550 1178 3612 decretum.
1216 3548 1277 3612 Ars

148 3653 315 3736 probabile
337 3660 491 3736 nonest,
512 3657 548 3719 id
570 3659 733 3720 censuisse
755 3656 982 3732 Benedictum,
1012 3655 1067 3736 qul
1088 3654 1197 3736 potius
1226 3654 1276 3714 lu-

151 3759 298 3840 dicabat,
320 3761 548 3826 verosimiliter
568 3762 805 3846 promulgatum
835 3744 1033 3824 sufficienter
1064 3779 1135 3822 esse
1165 3758 1277 3822 decre·

151 3872 220 3927 tum
240 3863 342 3947 illud,
364 3888 423 3930 uec
443 3863 622 3952 potuissent
644 3871 679 3932 ln
696 3871 757 3933 hac
779 3869 952 3952 hypothesi
973 3872 1021 3929 tot
1039 3868 1198 3929 Doctores
1215 3882 1275 3946 pre

151 3968 298 4034 nullitate
323 3971 482 4037 dictorum
504 3977 731 4038 connubiorum
754 3958 849 4039 stare.
892 3972 960 4038 Alii
981 3975 1090 4054 itaque
1113 3969 1276 4049 dicebaut,

150 4077 337 4160 praecipuas
359 4080 501 4144 rationes
523 4081 697 4146 Benedicta
719 4082 907 4165 praebuisse
936 4086 1005 4143 tum
1031 4074 1277 4161 impossibilita-

154 4203 402 4222 m

222 4267 289 4335 142)
308 4273 378 4322 Acts
395 4273 461 4323 haec
480 4274 569 4322 omnia
586 4279 691 4325 exstant
708 4274 737 4323 iu
752 4277 908 4335 operemur
926 4260 1008 4333 priori
1026 4271 1116 4321 citato.
