2798 4838
584 118 811 191 430..

133 284 187 342 se,
208 254 282 326 ideo
299 264 522 344 'potissimum
546 264 631 343 qarod
667 285 730 325 non
752 265 915 346 praestitio
946 263 1062 327 debitis
1092 263 1263 328 cautioni-

122 364 190 433 bus
223 387 280 431 nec
319 360 590 450 promulgationes
629 389 691 431 nec·
717 368 937 450 copulationes
978 371 1270 434 matrimoniorum

134 473 292 537 eiusmodi
313 466 385 536 deri
407 473 591 560 admiserit:
615 474 733 537 ibidem
756 477 949 537 insinuatam
979 494 1040 538 orna
1061 474 1147 555 tuit,
1177 478 1270 556 Epi-

133 592 249 661 scopos
264 572 414 642 Bavariac
433 582 562 642 attentis
584 579 693 643 arduis
712 579 799 645 Cleri
815 579 976 643 Catholici
993 582 1273 660 circumstantiis,

136 690 268 765 inques
291 683 384 747 illurn
413 686 557 749 homines
588 685 627 749 de
657 689 858 749 sanctissima
888 684 1052 749 Ecclesiae
1083 684 1272 769 disciplina

135 789 218 853 male
238 791 433 868 sentiemes,
456 798 489 853 et
510 798 680 871 eapropter
702 812 846 872 magnam
868 798 1086 873 tempestatem
1116 794 1273 854 exdtao-

135 902 208 976 tce,
227 897 445 976 coniecerant,
468 916 599 976 novum,
622 899 694 978 ipso
717 900 884 978 Regtmine
907 903 1118 979 suggerente,
1149 916 1273 959 recur-

136 994 206 1064 sum
228 994 272 1063 a‘d
287 1001 627 1083 SedemApo'stolicam
645 1005 894 1086 concinnatim,
905 1009 1141 1084 opportunasre
1159 1004 1273 1066 invia-

139 1107 243 1168 tiones
254 1099 443 1186 suppliciter
459 1110 592 1189 petiisse
605 1107 735 1182 ⁵³⁰).Ad
751 1128 912 1172 recursum
930 1110 1270 1190 huncllptscoporum

138 1205 298 1274 emanavit
315 1202 367 1276 dd.
392 1219 441 1276 12.
465 1215 639 1296 Septembr.
666 1208 757 1278 1834.
779 1215 905 1276 nomine
936 1214 1058 1276 Summi
1091 1215 1267 1276 Pontificis

139 1315 355 1381 memorabilis
370 1317 428 1382 illa
451 1310 698 1400 instructio,
722 1339 801 1400 quae
820 1340 946 1382 sensum
955 1320 1065 1382 Brevis
1083 1322 1158 1383 anat
1173 1325 1262 1384 1832.

57 1407 74 1431 ⁸
139 1422 261 1486 clarius·
278 1414 519 1506 determinavit,
550 1425 608 1489 sed
639 1445 699 1489 una
728 1446 787 1508 pro
816 1417 938 1491 ratione
970 1422 1194 1489 adiunctorum
1221 1430 1258 1488 ab

137 1532 310 1612 Episcopis
332 1528 507 1593 relatorum
529 1532 562 1592 i'n
584 1529 746 1594 nonnullis
778 1533 905 1612 punctis
938 1533 1100 1593 mitiorem
1135 1538 1255 1594 senten·

138 1637 215 1698 tiam
237 1635 322 1698 tulit.
345 1636 477 1699 Scilicet
498 1640 531 1710 a)
557 1622 703 1701 declarat
720 1639 908 1700 instructio:
928 1636 1040 1700 literas
1063 1636 1248 1719 apostolicas

140 1741 205 1802 diei
225 1746 278 1803 27.
300 1730 496 1806 Matio-sss.
525 1742 644 1806 nullam
676 1744 821 1823 equidem
864 1744 1164 1822 interpretationem
1204 1743 1248 1803 mi·

140 1846 420 1928 tioreiirrecipcre
441 1869 538 1928 pesse
569 1868 606 1912 ea
634 1854 746 1929 pa'rte,
776 1868 836 1929 qua
867 1849 1086 1911 firmissimum
1118 1847 1246 1928 Religio·

138 1953 191 2013 nis
215 1951 401 2016 Catholicae
424 1953 543 2035 dogma,
561 1955 601 2017 de
617 1974 679 2016 una
702 1960 733 2017 et
754 1951 825 2038 sola
843 1951 983 2016 salvifico
999 1952 1169 2033 Ecclesia,
1186 1955 1243 2014 iten

142 2063 339 2120 constantem
360 2058 526 2122 Ecclesiae
548 2058 730 2123 doctrinam·
749 2057 788 2122 de
810 2059 937 2122 illicitis
959 2061 1132 2140 vetitisque
1154 2059 1243 2120 catho-

141 2156 278 2226 licorirtn
306 2176 379 2227 'cum
409 2167 580 2228 haereticis
611 2167 733 2247 nuptiis
755 2171 1029 2240 commemorant:
1060 2167 1126 2226 inrc
1157 2163 1242 2244 potios

141 2275 206 2331 tam
229 2270 411 2352 episcopos
434 2289 525 2350 qrram
548 2260 712 2334 Parochos
736 2273 881 2352 energice
915 2276 1041 2352 monet,
1075 2276 1111 2330 ut
1145 2275 1242 2330 utrun-

146 2380 206 2455 dr're
226 2373 382 2438 ii'delibus
401 2377 486 2438 serlo
507 2376 687 2456 inculcent,
710 2396 766 2438 eos
797 2397 815 2438 a
846 2377 967 2456 nuptiis
997 2374 1138 2454 talibus,
1167 2390 1241 2454 quan·

144 2466 216 2543 tom*
234 2487 386 2563 possunt,
417 2472 632 2560 absterreant,
653 2469 762 2561 nilque
786 2503 802 2543 e
824 2488 915 2563 parte
935 2501 994 2544 sua
1024 2487 1138 2560 agant,
1162 2500 1177 2540 e
1200 2494 1241 2558 prro

144 2585 406 2666 coucluderetur,
429 2588 504 2651 illas
527 2591 654 2670 nuptias
671 2586 851 2669 adprobari.
875 2591 911 2661 b)
932 2589 1091 2671 Exponit:
1116 2606 1172 2668 per
1187 2588 1241 2646 lh:-

93 2747 95 2752 .
144 2713 181 2753 ve
203 2714 265 2754 non
290 2694 416 2757 excludi
449 2715 516 2756 eam
549 2693 772 2771 tolerantiam,
805 2715 866 2773 qua
896 2692 997 2772 mala,
1029 2693 1178 2773 impediri
1205 2705 1240 2749 ne·

145 2801 314 2879 pereuntia,
336 2803 494 2880 patienter
526 2797 728 2861 dissimulare
748 2798 847 2861 Sedes
870 2798 1055 2879 Apostolica
1085 2793 1240 2860 consuerit:

146 2905 221 2966 hinc
243 2908 273 2967 si
295 2913 387 2967 matr.
410 2908 507 2968 mixta
530 2905 681 2988 impediri
702 2925 765 2965 non
788 2905 934 2986 possint,
965 2903 1007 2965 ad
1035 2905 1177 2984 graviora
1203 2897 1242 2958 lt·

147 3028 219 3071 mna
242 3015 275 3070 ct
304 3008 452 3072 scandala
484 3011 701 3092 praecavenda
728 3009 891 3089 indulget:
923 3017 956 3070 ut
988 3016 1159 3071 consuetae
1187 3019 1242 3087 pri·

148 3112 361 3194 mitigationes
382 3117 606 3193 instituantur,
628 3113 722 3178 nulla·
740 3122 842 3177 tamen
865 3115 950 3177 iacta
972 3113 1141 3196 religionis
1171 3123 1242 3191 sposs‘

149 3238 258 3283 sorum
280 3223 457 3300 mentione,
480 3224 555 3284 item
577 3229 614 3284 ut
634 3221 746 3286 literae
769 3239 894 3300 quoque
915 3218 1149 3282 testimoniales
1169 3223 1243 3296 supr

148 3326 305 3389 institutis
326 3326 636 3409 promulgationibus
659 3327 881 3404 extradentur,
903 3326 936 3387 in
970 3322 1126 3408 illisque,
1146 3325 1174 3385 si
1192 3311 1243 3384 nal·

149 3429 215 3494 lum
237 3434 345 3496 obstet
366 3432 518 3497 dirimens
539 3432 818 3516 impedimentum,
847 3432 966 3494 diserte
997 3432 1195 3494 enuncietur:
1213 3413 1243 3484 pil

152 3545 279 3617 praeter
300 3540 431 3603 vetitum
452 3539 685 3607 Ecclesiaeob
716 3540 831 3600 mixtae
863 3536 1030 3618 religionis
1061 3535 1245 3618 impedimu-

152 3649 219 3705 tum
241 3645 442 3711 matrimonio
475 3639 622 3708 obstac
645 3649 676 3720 c)
709 3641 875 3709 Admittit:
891 3650 942 3709 ⁴ut
971 3643 999 3705 si
1028 3644 1157 3725 nuptias
1186 3635 1246 3702 talo

155 3767 260 3811 coram
290 3752 431 3832 parocho
462 3750 621 3814 catholico
653 3750 808 3814 celebrari
843 3746 1080 3834 postularetur,
1112 3745 1252 3830 parocho

155 3853 364 3921 materialiter
376 3842 526 3939 praesen
549 3856 653 3942 adsit,
672 3859 755 3920 omni
777 3858 841 3920 rito
865 3876 955 3919 sacro
976 3854 1119 3918 excluso.
1142 3852 1179 3928 d)
1198 3850 1256 3914 bio

154 3972 210 4027 net
230 3964 411 4045 Episcopos
434 3971 466 4025 et
486 3957 671 4045 Perochos,
694 3971 730 4028 ut
750 3964 834 4028 omni
856 3969 970 4027 conatu
991 3981 1028 4026 eo
1063 3959 1263 4037 adlaboreni,

159 4110 404 4126 m

224 4190 290 4258 530)
309 4199 342 4247 ci.
361 4192 385 4260 d.
404 4196 464 4250 123.
