2798 4838
595 224 825 300 -ztt-

147 373 333 459 prohibuit,
356 374 549 454 abrogetur,
574 371 745 454 taliterque
761 374 863 435 maior
880 373 995 434 mixtas
1018 371 1268 458 nuptiaqineun·

96 494 100 507 ¹
148 478 182 544 di
204 477 339 543 libertas
362 477 543 542 catholicis
566 479 770 543 concedatur.
794 478 955 560 Equidem
985 476 1100 541 clerus
1130 475 1269 543 Catholi-

79 605 81 609 ’
148 605 206 650 ιιι
229 604 289 668 ope
310 585 618 668 repraesentationis
641 585 810 647 admodum
838 585 1007 667 ‚energicac
1037 581 1092 646 dd.
1114 587 1147 647 8.
1179 582 1270 666 April

150 694 243 754 1888.
265 688 308 754 ad
329 690 439 753 Status
462 674 497 752 ln
518 690 669 752 Comitiis
689 696 904 772 congregatos
919 688 1082 770 directae,
1104 708 1190 770 quae
1207 709 1270 752 eua-

104 831 124 878 g
146 816 218 859 rum
248 801 338 858 erant
366 797 528 876 partium,
570 797 741 877 insigniter
770 797 951 877 praestitit,
982 796 1131 875 inprimis
1166 802 1270 861 contre

146 903 360 984 proJ‘cotatam
382 900 529 963 Mandati
560 903 635 963 anni
667 907 759 964 1827.
791 901 830 964 dc
857 901 1033 984 prohibitis
1062 921 1136 963 cum
1169 908 1269 984 prote·

146 1008 284 1070 stantica
305 1012 396 1089 parte
418 1027 436 1069 a
458 1005 585 1069 vinculo
610 1006 799 1087 divortiata,
822 1007 923 1070 donec
946 1026 1019 1090 pars
1042 1006 1147 1069 altera
1165 1027 1269 1090 super-

146 1118 213 1175 stes
236 1117 305 1192 est,
327 1113 450 1191 nuptiis
473 1113 733 1194 abrogationem,
755 1116 832 1176 item
855 1098 967 1176 contra
988 1115 1182 1175 intentatam
1203 1133 1268 1175 can·

145 1237 256 1282 sarum
278 1217 560 1280 matrimonialium
582 1241 600 1281 a
623 1220 705 1280 foris
729 1220 828 1282 sacris
851 1220 892 1282 ad
916 1217 1028 1280 civilia
1050 1217 1177 1281 iudicia
1200 1238 1264 1281 avo·

145 1323 304 1386 ostionem
325 1321 466 1385 mascule
487 1324 715 1405 protestando,
739 1325 953 1388 doctrinamve
970 1310 1139 1387 Ecclesiae
1158 1325 1266 1388 catuc-

144 1425 228 1492 llcae
251 1435 317 1492 iam
349 1428 390 1490 de
418 1428 706 1493 indissolubilitate
737 1429 856 1492 vinculi
885 1428 1153 1511 matrimonialis,
1183 1449 1265 1512 quau

144 1534 512 1598 auctoritatessfororum
544 1535 760 1618 spiritualium
802 1538 930 1617 egregie
961 1514 1171 1600 defendendo
1190 1531 1264 1610 4³⁸),

144 1640 203 1704 sed
224 1643 481 1721 repraesentatio
502 1641 583 1704 haec
612 1641 735 1704 nullum
762 1645 796 1704 in
828 1643 978 1733 Comitiis
1008 1641 1168 1724 producti
1197 1639 1262 1703 eile-

56 1772 60 1778 ·
143 1754 248 1828 ctum,
269 1732 334 1810 imo
358 1749 554 1831 projectatac
576 1748 830 1811 modificationes
851 1747 935 1829 legis
958 1750 1032 1810 anni
1066 1751 1161 1810 1827.
1190 1745 1260 1810 acri·

142 1859 194 1917 ter
214 1856 519 1939 propugnabantur,
541 1851 631 1916 nulla
654 1859 760 1916 tamen
782 1861 889 1917 secuta
912 1852 1077 1916 decisione
1094 1849 1257 1931 489).1)ιι,

144 1978 226 2041 quae
255 1960 290 2022 in
319 1960 468 2024 comitiis
500 1961 575 2022 istis
611 1965 724 2022 notatu
763 1959 949 2040 cumprimis
988 1958 1084 2040 digna
1115 1976 1254 2036 evenere,
1295 1970 1300 2029 ,¹

143 2067 321 2150 praeterire
341 2086 405 2128 non
426 2085 619 2148 possumusc
642 2070 802 2150 primum,
834 2067 920 2148 quod
951 2064 1254 2128 occasione-'discus
1295 2040 1300 2089 l

16 2239 21 2248 ,
120 2170 246 2236 'sionis
275 2192 374 2256 super
403 2169 514 2233 libello
548 2169 688 2253 supplici
716 2193 776 2253 per
803 2171 973 2235 mulierem
1004 2172 1252 2254 protestantieam

42 2261 53 2289 ⁸
142 2278 305 2358 exhibito,
327 2278 361 2338 in
384 2298 445 2359 quo
468 2279 576 2340 avire
599 2297 657 2340 suo
679 2277 839 2340 catholico
864 2277 905 2342 ad
925 2287 1100 2360 perpetuos
1125 2293 1251 2340 carceres

141 2380 291 2447 damnato
314 2381 500 2463 divortiari,
532 2385 658 2465 sibique
688 2383 815 2446 admitti
845 2386 958 2466 petiit,
990 2391 1025 2447 ut
1055 2382 1126 2446 iilia
1158 2381 1249 2444 suain

141 2490 310 2553 obversum
332 2491 484 2572 promissi
505 2490 539 2551 in
561 2488 766 2572 copulatione
790 2490 888 2571 facti,
910 2490 942 2552 in
966 2490 1180 2552 conicione
1192 2504 1250 2569 pro·

139 2597 310 2660 testantioa
321 2595 484 2675 educetur,
493 2597 673 2682 Episcopus
686 2603 718 2657 et
727 2595 875 2660 Vicarius
887 2595 1097 2676 Apostolicus
1108 2594 1145 2656 M
1155 2615 1172 2656 a
1182 2610 1251 2656 ιιι·

137 2722 257 2766 mann
288 2704 322 2765 in
359 2703 492 2765 (lamera
531 2704 764 2782 Deputatorum
795 2705 963 2764 enunciare
1002 2723 1067 2763 non
1103 2701 1250 2765 dubitare·
1297 2704 1300 2783 f

137 2809 202 2872 rit:
226 2807 357 2871 illerum
379 2806 582 2871 catholicum
602 2810 636 2869 in
660 2809 799 2869 Saxonis
820 2828 884 2869 non
908 2807 1116 2886 desiderare,
1136 2813 1172 2868 ut
1190 2803 1250 2868 edu·

138 2916 224 2978 catio
247 2912 408 2978 catholica
427 2912 569 2996 prolium
589 2915 623 2975 in
646 2914 754 2976 mistis
785 2915 998 2975 matrimoniis
1029 2914 1160 2994 praevie
1190 2928 1251 2998 pro·

136 3021 281 3082 mittatur
303 3016 380 3096 l¹*⁰);
403 3026 559 3082 atterum:
583 3019 669 3100 quod
690 3018 776 3081 idem
798 3021 981 3102 Episcopus
997 3016 1252 3098 quaestionemin

133 3106 289 3189 Domitiis
311 3127 470 3208 positamz
492 3146 567 3188 num
590 3125 750 3208 parochus
783 3124 961 3188 catholicus
993 3123 1160 3187 desiderio
1190 3140 1252 3205 par·

136 3232 180 3294 tis
202 3228 383 3294 catholicae
405 3232 493 3294 iuxta
515 3234 613 3293 ritum
636 3229 853 3312 evangelicum
886 3231 1055 3315 copulatae
1085 3230 1119 3290 in
1150 3226 1252 3292 Eccle-

136 3336 186 3400 sia
208 3337 303 3398 etiam
327 3334 497 3398 catholica
519 3336 755 3419 copulationem
772 3337 969 3418 recipiendi,
990 3336 1120 3398 deferre
1139 3332 1253 3417 possiti

134 3442 281 3525 negative
302 3440 475 3504 resolverit
496 3464 535 3506 ex
566 3462 623 3523 eo,
652 3444 725 3522 quia
756 3439 904 3507 Ecclesia
933 3441 1102 3506 Gathelioa
1134 3437 1251 3522 copula·

204 3675 273 3740 188)
292 3677 382 3728 ltion.
402 3676 461 3730 178.
481 3692 543 3744 pag.
563 3675 623 3728 227.

204 3767 272 3832 189)
305 3770 450 3821 Historiam
474 3771 675 3830 discessionum
703 3771 884 3824 comitialium
908 3771 962 3820 vid.
983 3770 1011 3818 in
1028 3750 1251 3830 ,lecbuffcvtberpo‘

169 3863 331 3912 teutbolv’ecbe
359 3863 589 3923 Kircbeoocttuuq.
615 3861 704 3914 1833.
731 3866 781 3916 Νι.
810 3857 936 3912 58-61.
970 3857 1013 3909 66
1021 3842 1110 3911 -681
1147 3859 1194 3913 70.
1215 3849 1252 3906 77

168 3981 204 3992 -
223 3939 271 4005 79'.
291 3952 340 4004 85.
356 3952 408 4004 86.
419 3955 470 4004 88.
486 3961 530 4004 etr
548 3956 710 4027 Altqemeiae
721 3949 1051 4014 lineamentalem.
1065 3966 1092 4010 p.
1109 3944 1261 4003 887518.

203 4042 269 4108 440)
289 4047 514 4097 Enunciationem
539 4047 608 4096 hanc
633 4062 776 4109 numquam
802 4047 862 4097 iieri
881 4042 1070 4108 optassemus!
1090 4060 1122 4096 ea
1141 4028 1267 4108 proiecit>

131 4151 192 4190 oum
211 4138 376 4205 obligatione
393 4140 575 4189 Perochorum
601 4141 728 4204 curandi,
748 4146 777 4190 ut
796 4138 940 4188 occasione
967 4138 1108 4187 mixtorum
1127 4137 1283 4187 maturo·

130 4230 236 4283 reiorum
254 4233 288 4281 (te
308 4214 468 4282 educatione
488 4228 619 4280 catholica
638 4229 752 4293 prolium
779 4231 909 4291 requisita
928 4233 1089 4291 praebeatur
1108 4226 1231 4281 certitui⁰
1260 4249 1286 4278 2

130 4324 256 4388 componi
275 4323 377 4385 aequit.
395 4323 459 4374 Vid.
477 4324 639 4384 Altaemeioc
658 4324 888 4384 utrcvmeeuanc.
901 4317 998 4375 1834.
1017 4323 1068 4373 No.
1086 4318 1136 4373 20.
