2798 4838
566 234 797 310 ...257-

113 377 598 442 nconlerentiisl’arocborum
620 379 687 444 uilla
710 379 840 447 coalitio
862 384 1051 466 subsecuta,
1074 386 1131 450 sed
1154 391 1242 470 quis-

113 503 171 564 que
194 485 406 568 parochorum
428 486 461 546 in
485 505 580 548 sensu
603 485 759 568 epistolae
775 488 946 570 pastoralis
968 492 1063 555 iuxta.
1078 494 1243 574 proprium

113 609 202 652 suum
225 591 393 653 arbitrium
416 590 620 672 procedebat.
638 586 703 667 ³⁹⁵)

602 805 637 900 e.
666 807 752 878 141.

115 986 366 1060 exponitur,
392 999 623 1059 quamnam
640 987 794 1057 nendi
818 988 1031 1047 restionem
1056 992 1245 1050 tenues-tt

116 1092 207 1136 crum
239 1078 344 1137 Serio
371 1078 615 1152 Apostoltco
646 1078 854 1149 Regimen
885 1080 1165 1141 Bor-ussicrrm
1197 1083 1245 1140 irs

330 1169 485 1229 merito
503 1169 694 1231 fumosos
712 1171 1024 1233 conventionis.

213 1331 307 1393 Unus
330 1338 363 1393 et
383 1330 508 1395 medius
539 1332 691 1395 effluxere
721 1331 912 1397 aeonclusa
936 1334 1154 1413 conventione
1182 1336 1244 1397 lle-

119 1435 298 1520 reliceret,¹
320 1434 416 1517 vulgo
449 1440 545 1501 etiam
568 1443 1013 1520 Spieqciieco·Buoseniecc‚
1044 1441 1135 1502 anni:
1168 1439 1242 1502 dum

119 1545 213 1625 prima
237 1542 277 1604 de
296 1562 332 1603 ea
353 1545 468 1606 nuncia
491 1545 659 1607 Romam
681 1543 780 1607 allata
801 1545 892 1607 luere
908 1546 1068 1626 variisque
1087 1546 1147 1607 viis
1164 1564 1245 1627 apo-

120 1650 234 1753 grapha
256 1650 359 1728 ipsius
383 1649 608 1712 conventionis
640 1656 672 1711 et
694 1651 922 1713 instructionis
953 1648 1032 1712 illuc
1062 1652 1242 1731 pertigeree

120 1742 319 1836 quae5quum
349 1755 555 1817 ateuoribus
577 1757 689 1818 ilrevis
720 1756 773 1817 Pii
799 1755 884 1819 Vill.
914 1756 947 1817 in
977 1753 1105 1835 moitis,
1138 1757 1245 1838 iisque

122 1858 341 1924 essentialibus
373 1861 533 1941 capitibus
565 1859 730 1944 divergere
761 1861 1025 1942 observarentur,
1065 1865 1247 1926 cardinalis

121 1972 225 2030 uatus
247 1973 448 2053 secretarius
477 1966 570 2029 iussu
600 1966 684 2030 Suae
716 1967 903 2049 SanctitatIs
932 1966 1054 2029 Summi
1074 1967 1244 2030 Ponticus

123 2092 172 2155 ope
196 2079 299 2135 Notae
321 2074 551 2148 confidentiam
578 2071 619 2135 ad
641 2074 830 2136 Ministrum
851 2062 931 2154 liep.
953 2074 1084 2136 Boruss.
1111 2076 1245 2138 Buceers

124 2177 166 2241 id.
192 2185 244 2240 15.
265 2177 361 2240 Mart.
387 2183 479 2240 1836.
505 2177 647 2241 directae
676 2178 894 2242 'differentiam
926 2176 1127 2242 essentialem
1158 2182 1243 2243 inter

124 2284 212 2348 linere
251 2290 283 2346 et
310 2281 474 2348 Articulos
507 2285 730 2348 instructionis
767 2283 989 2366 Spiegelianae
1026 2283 1174 2366 pluribus
1200 2277 1245 2347 'ln

126 2392 242 2469 punctis
267 2390 433 2470 exhibuit,
464 2396 515 2470 et,
548 2391 707 2474 siquidem
730 2388 868 2454 Articuli
899 2391 1122 2452 instructionis
1151 2391 1246 2454 istius

127 2515 184 2558 cum
206 2494 313 2576 illis„
329 2515 408 2575 quos
437 2496 592 2578 Regimen
621 2499 849 2579 iiorussicum,
878 2495 931 2558 Pii
953 2495 1038 2559 Vlll.
1061 2497 1162 2558 Breve
1183 2498 1245 2559 mi-

128 2601 211 2682 tigari
242 2605 395 2685 cupiens,
415 2602 502 2695 ‘Sedi
531 2601 738 2685 Apostolicae
766 2604 830 2664 iam
860 2609 952 2663 antea
981 2601 1153 2682 proponit
1167 2596 1246 2682 4⁹⁶),
1355 2622 1359 2629 ’

130 2706 354 2789 coinciderent,
393 2708 656 2790 quemadmodum
697 2706 773 2769 illos
805 2705 907 2770 Sedes
937 2705 1126 2786 Apostolica
1158 2713 1246 2791 tunc,

131 2808 192 2875 dum
214 2835 232 2876 a
255 2815 359 2896 Regio
383 2815 548 2876 Gubernio
571 2815 710 2892 primum
732 2812 1013 2894 proponebantur,
1034 2807 1126 2873 nullo
1149 2807 1246 2877 modo

133 2921 277 3000 acceptari
298 2938 394 3002 posse
418 2918 611 3003 declaravit,
642 2921 688 2981 ita
709 2938 793 2979 nunc
817 2935 942 2997 quoque
965 2915 1096 2978 eosdem
1118 2917 1247 2980 aSum-

133 3040 170 3087 no
192 3024 361 3090 Ecclesiae
391 3026 550 3089 Pontifice
580 3025 691 3104 reiici‚
723 3022 937 3103 significavit,
968 3019 1126 3102 simulque
1148 3022 1247 3086 Mini-

133 3135 219 3194 strum
242 3133 379 3213 Regium
407 3131 613 3213 provocavit,
644 3135 698 3213 ut,
727 3128 804 3210 quid
825 3129 893 3190 veri
923 3129 957 3190 in
978 3130 1093 3191 merito
1111 3149 1243 3210 memo·

133 3245 205 3300 ratae
227 3238 450 3300 instructionis
479 3236 577 3318 insit,
608 3254 669 3317 quo
697 3235 788 3316 prius
817 3235 953 3316 genuine
986 3240 1177 3316 exponeret,
1206 3256 1246 3300 ne

134 3337 245 3406 Summo
269 3344 421 3404 Pontifici
442 3343 622 3404 necessitas
645 3342 848 3424 imponatur,
869 3341 899 3402 vi
922 3343 1061 3404 muneris
1085 3342 1136 3403 sui
1158 3332 1247 3422 Apo·
1344 3362 1347 3367 ·

135 3448 225 3511 stolici
246 3446 363 3535 fideles
379 3453 565 3535 'opportune
587 3445 756 3525 monendi,
778 3451 814 3507 ut
833 3443 887 3530 id,
909 3467 928 3509 a
949 3464 1012 3525 quo
1034 3445 1135 3508 Sedes
1157 3446 1245 3527 Apo·

135 3553 232 3618 stolica
254 3555 381 3637 penitus
403 3554 574 3629 abhorret,
598 3551 766 3614 abeodem
788 3548 969 3633 proiectum
990 3550 1093 3612 fuisse
1115 3549 1246 3614 minimo

135 3660 312 3724 arbitrentur
330 3654 408 3733 497).
440 3656 621 3741 Respondit
649 3657 794 3720 adhunc
818 3656 932 3718 Notum
954 3655 1076 3736 Regius
1098 3655 1248 3720 Minister

135 3777 368 3800 ΙΝω---ιι---ι--ιι

188 3850 256 3918 195)
276 3854 312 3904 ot.
330 3853 457 3914 Beitrltpe
474 3865 523 3902 cur
543 3851 745 3911 Ktrcbereceecb.
764 3850 811 3898 dee
832 3843 878 3898 19.
896 3847 992 3898 Jeltrtt.
1010 3861 1069 3909 nep.
1089 3844 1159 3900 206.
1179 3837 1205 3879 *¹

188 3944 256 4011 196)
277 3946 312 3996 ci.
331 3944 392 3995 132.

187 4033 256 4101 197)
279 4037 457 4089 Urtucdlr'cbe
480 4038 652 4096 Dareteucnc
670 4035 718 4084 der
737 4034 918 4095 notabere,
935 4033 1032 4082 welche
1045 4033 1093 4083 der
1110 4035 1249 4094 peuense·

152 4141 213 4182 trec
236 4130 414 4192 Weasouruep
436 4130 484 4178 der
507 4130 556 4179 Fr.
582 4142 607 4177 c.
631 4129 729 4179 Droete
754 4126 836 4176 Erec.
860 4139 884 4174 c.
908 4125 988 4176 Κόιιι.
1019 4138 1250 4187 oorcmcepcrcer

152 4226 210 4274 uuo
226 4223 325 4284 petulat
342 4222 412 4271 sind.
431 4222 507 4270 Necte
525 4223 585 4270 dem
602 4220 632 4269 ir
649 4221 697 4268 der
722 4218 872 4268 Bructeros·
889 4218 936 4267 der
962 4217 1250 4269 staats-secretarios

152 4326 191 4366 zu
208 4317 280 4366 Item
306 4315 495 4363 errebierreuerr
514 4313 658 4372 Ortoirealc.
677 4307 768 4362 1838.
787 4325 813 4369 rr.
833 4306 957 4360 65-81.

158 4397 332 4482 flecteretur,
351 4422 384 4470 de
401 4417 479 4471 Matr.
499 4419 602 4472 Mictr'e.
621 4422 644 4471 1.
1006 4403 1045 4459 lt
