2798 4838
678 297 729 310 -
762 257 914 329 aaa-

601 391 604 397 ’
722 402 758 496 s.
786 402 871 476 aar.

232 542 532 605 ueneratione·
560 542 787 633 miter-iores
815 541 868 628 iti.
894 541 1123 599 itinerariae
1152 558 1205 600 ex
1240 543 1352 600 ιιιιιιίι

235 640 368 704 im,
389 637 431 693 et
460 636 582 704 fluo.
612 636 737 690 zelus
764 632 960 703 nor-aopi
988 632 1352 705 waszoni-utensis

632 725 806 783 Martini
845 714 961 781 nir-d.

335 847 421 908 luter
442 841 670 907 Resolutiones
694 845 833 924 Regias,
863 863 942 924 quas
965 844 1010 905 Μ.
1027 841 1188 906 'l'lreresia
1221 845 1256 905 ln
1279 847 1351 925 obje-

233 962 285 1015 cto
307 950 447 1031 disparis
469 947 638 1029 religionis
660 948 938 1011 matrimoniorum
963 936 1029 1028 xuro
1052 949 1164 1012 favore
1198 949 1350 1012 dominan-

107 1064 109 1067 ’
233 1059 276 1120 tis
298 1045 480 1136 Religionis
503 1054 690 1116 Catholicae
713 1053 835 1133 edidit,
865 1055 936 1116 iure
955 1074 1161 1118 numeramus
1186 1075 1278 1140 eam,
1304 1074 1350 1136 ope

234 1163 345 1241 cuius,
362 1160 416 1223 dd.
437 1165 486 1222 18.
497 1160 609 1224 Martii
629 1165 720 1222 1754.
740 1167 804 1221 tam
825 1163 995 1222 comoneat
1012 1156 1350 1244 l'lturdcziemi,quan

235 1272 362 1338 Vinaria
380 1269 589 1342 strigoniensi
609 1266 794 1348 intimatae,
816 1263 977 1344 singulare
1000 1271 1224 1328 iuramentum
1244 1273 1283 1329 dc
1300 1285 1350 1328 ιιιι

234 1350 408 1435 deserenda
429 1375 577 1447 religione
599 1372 787 1448 Augustanus
805 1371 844 1431 ln
864 1371 1000 1433 Ciuitate
1023 1375 1279 1434 cremmcziemt
1303 1391 1349 1454 per

174 1506 175 1509 ¹
233 1469 436 1557 Augustanae
460 1474 668 1537 Confessioni
691 1474 837 1536 addictos
860 1477 964 1537 emitti
986 1474 1119 1538 solitum
1129 1477 1349 1539 interdixit·
1387 1484 1389 1489 '

233 1581 356 1643 Novum
376 1599 474 1662 porro
498 1578 561 1642 zeli
583 1581 634 1643 sui
664 1581 697 1641 in
718 1580 934 1660 promovenda
955 1580 1136 1643 orthodoxa
1165 1581 1236 1644 fide
1267 1581 1350 1644 doen

232 1693 372 1749 mentum
404 1685 494 1748 dedit
525 1682 571 1746 M.
589 1687 746 1748 'Pheresia
776 1704 834 1767 per
865 1684 1110 1749 Resolutiouem
1139 1685 1199 1750 dd.
1216 1689 1348 1767 iddug.

235 1797 327 1855 1756.
351 1791 435 1853 circa
465 1789 574 1872 proles
603 1793 832 1872 aparentibus
864 1798 933 1859 tum
953 1790 1125 1854 catholicis
1156 1799 1228 1855 tum
1250 1795 1349 1855 mixtae
1385 1828 1389 1871 .

231 1896 402 1977 religionis
424 1898 632 1977 progenitas,
663 1898 695 1957 in
718 1896 876 1962 haeresim
891 1895 1072 1978 ·prolapsas
1105 1895 1155 1958 vel
1179 1899 1216 1960 in
1238 1896 1349 1960 iudlfl'e·
1387 1874 1389 1889 Ι

231 2004 385 2064 rentismo
408 1986 599 2065 constitutas
624 2000 741 2064 editam
771 2007 803 2063 et
824 2020 887 2063 non
909 2008 1030 2065 tantum
1052 2002 1285 2084 Diocaesanis,
1310 2023 1349 2064 se·

108 2127 112 2138 ’
232 2127 303 2170 rum
326 2107 422 2173 etlam
444 2105 730 2173 iurisdictionibus
754 2086 910 2169 Civilibus
934 2108 1120 2170 intimatam.
1149 2109 1188 2171 ln
1213 2130 1251 2172 ea
1271 2109 1350 2171 nimi-

232 2233 304 2275 rum
331 2213 479 2294 piissima
510 2213 696 2293 imperatrix
728 2219 760 2273 et
791 2213 911 2292 Regina
940 2215 976 2283 a)
992 2220 1104 2276 eontra
1132 2221 1289 2292 parentas
1308 2236 1349 2277 ca·

154 2394 157 2401 Ι
232 2317 393 2396 thelicus,
433 2317 487 2397 qui
517 2315 625 2395 proles
658 2336 733 2378 suas
764 2317 849 2380 haud
879 2318 987 2381 debite
1014 2321 1047 2381 in
1077 2319 1164 2382 Fide
1196 2319 1348 2385 catholiea

178 2474 183 2488 .
234 2424 389 2501 educant,
412 2424 568 2486 actionem
596 2419 741 2484 fiscalem
763 2424 863 2504 erigi3
893 2426 930 2496 b)
950 2431 1098 2506 parentes
1129 2425 1275 2509 disparis
1295 2424 1349 2489 col-

230 2537 301 2608 tus,
336 2529 391 2609 qui
424 2525 602 2592 reversales
634 2527 807 2608 dederunt,
844 2527 887 2590 ad
917 2530 976 2591 has
1006 2528 1193 2610 implendas
1226 2533 1348 2596 efficaci
1387 2510 1389 2517 Ι

230 2637 290 2698 bus
313 2635 429 2699 mediis
460 2635 595 2712 stringi3
627 2635 659 2705 c)
680 2630 941 2713 Magistratnales
971 2656 1125 2717 personas
1160 2638 1204 2698 ad
1238 2656 1347 2719 operam

233 2762 271 2804 ae
294 2740 512 2805 assistentiam
534 2759 622 2801 suam
646 2741 850 2802 Diocaesanis
874 2748 906 2802 et
927 2742 1080 2807 Paroohls
1103 2744 1137 2804 in
1163 2741 1347 2824 procuranda

234 2845 393 2909 catholica
415 2843 554 2924 prolium
576 2844 759 2906 istiusmodi
793 2846 980 2908 educatione
1002 2849 1236 2928 praestandam
1256 2849 1347 2912 admo·

234 2952 303 3014 neri
323 2950 421 3013 iussit
439 2947 512 3024 999).
533 2983 570 2993 -
594 2952 641 3013 lix
664 2958 774 3012 tenore
798 2953 916 3030 Regiae
938 2953 1032 3015 huius
1055 2953 1283 3019 Resolutionis
1307 2973 1347 3016 or·

105 3116 111 3125 .
233 3058 393 3121 casionem
432 3056 546 3121 sumsit
581 3054 717 3121 celebris
750 3056 1194 3138 Wesnprimiensium
1233 3055 1346 3125 Praeml

233 3161 500 3223 Martinus
523 3162 665 3238 niro,
690 3182 748 3242 per
770 3161 896 3225 literam
919 3162 1112 3244 encyclicam
1135 3165 1196 3228 dd.
1219 3166 1344 3230 aanor.

234 3270 326 3327 1756.
348 3272 415 3330 tum
436 3266 617 3344 antiquiora
640 3288 698 3329 sua
721 3273 840 3330 statuta
868 3267 1019 3332 adversus
1041 3278 1134 3334 matr.
1159 3275 1261 3336 mixta
1281 3287 1343 3336 aunt

233 3374 326 3435 1744.
350 3368 434 3432 edita
456 3366 540 3450 ⁹³⁷),
562 3378 627 3436 tom
647 3372 827 3439 doctrinam
844 3373 1009 3438 Ecclesiae
1027 3376 1225 3442 Catholicae
1248 3380 1285 3442 de
1299 3379 1343 3439 ie

229 3483 416 3560 argumento
438 3477 626 3558 genuinam,
655 3478 813 3560 singulari
841 3501 967 3561 quoque
987 3479 1102 3544 libello
1134 3505 1155 3546 a
1180 3507 1217 3549 se
1245 3501 1342 3569 propt-

228 3588 323 3649 sitam
342 3580 428 3660 999),
459 3583 567 3646 Sacris
591 3585 784 3647 Curionibus
812 3588 846 3647 in
868 3587 1052 3649 memoriam
1075 3592 1271 3670 revocandi,
1297 3608 1340 3668 or

227 3698 457 3771 portunamque
482 3691 724 3752 instructionem
747 3692 961 3771 impertiendi.
975 3689 1039 3764 999)

299 3859 365 3920 936)
385 3861 471 3910 Mon.
490 3861 552 3910 285.
578 3875 638 3924 pag.
664 3860 723 3911 idi.

300 3948 366 4011 937)
386 3953 421 4001 cl.
439 3945 462 4012 d.
491 3951 552 4001 233.
567 3952 579 3975 ‘

297 4039 363 4102 938)
387 4041 500 4102 Augurii
525 4038 696 4102 teramnanae
723 4041 886 4106 seductrice,
905 4047 995 4105 vagula
1021 4045 1175 4109 ordientes
1208 4043 1335 4102 karath!

260 4136 397 4185 leikeinai
433 4135 627 4190 reuedetmetre
653 4130 682 4182 e's
709 4132 921 4196 boldouiuirokm
946 4137 1099 4198 dunelmesd
1125 4141 1175 4193 Sa.
1205 4133 1330 4196 aaronis

262 4222 397 4277 distinete.
436 4221 549 4283 Gudrd'tt.
570 4220 657 4274 1756.
680 4224 743 4281 Cau.
765 4223 806 4277 12.
825 4241 851 4284 ρ.
873 4225 942 4279 426.
961 4236 988 4280 et
1006 4225 1113 4282 437-
1127 4230 1203 4285 44³.

296 4313 362 4378 9³9)
382 4317 410 4367 Μ
421 4329 435 4405 a
447 4330 471 4364 n.
491 4312 552 4365 286.
572 4329 633 4379 pag.
661 4315 720 4367 tie.
1377 4306 1389 4797 1
