2798 4838
584 299 733 374 -501
762 339 813 368 -ι-

131 450 238 508 otensi
258 444 357 509 ductu
378 442 635 509 Protooollurnm
658 448 927 510 llioeceaanorum
951 454 1093 511 constatr
1117 447 1263 530 eundem,

131 571 196 614 non
220 554 368 615 obstante
390 554 526 615 Decreta
548 550 780 630 Tolerautiall,
805 552 969 615 l’arochos
991 555 1127 635 primum
1150 573 1188 615 eo
1211 557 1263 616 in-

131 658 260 742 clusae,
281 663 319 721 ut
339 658 508 720 occasione
530 660 761 720 connubiorum
783 659 950 720 mixtorum
972 658 1066 721 datae
1094 662 1158 722 iam
1180 657 1263 722 aliua

128 763 360 842 instructioni,
382 764 501 842 quippe
524 764 582 824 sub
600 765 854 842 Arcbiepa'sccpts
874 769 1143 847 Strioonieuaibus
1163 769 1262 826 Eme·

128 872 199 930 rico
223 871 258 930 0.
276 866 501 947 Eszterbdzy,
526 875 558 929 et
577 873 707 930 Nicolco
736 873 769 930 0.
786 866 891 948 Csdlsy
909 865 994 950 ⁹⁶⁷),
1027 889 1098 932 sese
1129 869 1260 932 confur-
1366 888 1372 899 ·

133 979 240 1053 ment,
271 973 559 1053 ardentissimoque
582 971 653 1035 zelo
675 979 798 1054 partem
821 972 1013 1038 catholicam
1035 977 1074 1037 ab
1099 974 1258 1038 eiusmodi

128 1080 313 1160 connubio,
336 1078 420 1161 qnod
443 1077 591 1141 Ecclesia
613 1099 740 1160 semper
762 1078 959 1169 detestatur,
985 1080 1183 1162 deterreant,
1206 1101 1259 1144 ca-

128 1197 265 1264 sumque
294 1186 329 1246 ln
350 1187 544 1246 contrarium
567 1185 731 1247 Ordinarii
760 1183 931 1247 consilium
963 1191 1127 1267 expetant3
1156 1187 1260 1249 serius

120 1307 224 1368 ¹vere,
248 1310 318 1351 cum
340 1309 398 1370 per
420 1289 600 1351 Consilium
622 1292 758 1371 Regium
790 1294 936 1372 quaestio
960 1291 1173 1372 formaretur,
1202 1291 1262 1355 da-

128 1399 227 1474 taque
258 1395 298 1456 ad
330 1394 495 1457 Parachos
523 1397 694 1459 instructio
726 1394 893 1458 Altissime
924 1399 1012 1459 Loco
1045 1397 1259 1459 submittenda

125 1498 218 1581 apud
239 1501 435 1584 Episcopum
457 1510 645 1583 urgeretur,
669 1502 802 1563 eundem
824 1503 1052 1581 rescripsisse:
1074 1505 1113 1577 ab
1137 1522 1171 1565 se
1193 1523 1258 1565 non

124 1600 227 1667 aliam
249 1604 355 1687 quoad
382 1604 617 1688 copulationem
649 1627 840 1689 sponsorum
868 1611 985 1671 mixtae
1012 1604 1180 1690 religionis
1208 1609 1259 1669 in-

123 1713 337 1774 structionem
360 1714 418 1776 SS.
441 1715 633 1777 Curionibus
663 1713 769 1775 datam
798 1733 890 1791 esse,
920 1734 1013 1795 quiam
1043 1733 1122 1793 quae
1150 1714 1256 1777 adhuc

123 1822 202 1881 ante
225 1816 416 1882 divisionem
437 1820 683 1901 Alipiscopatus
706 1819 937 1898 Strigoniensis
959 1819 1076 1881 iisdem
1098 1820 1256 1898 intimata,

123 1927 160 1984 et
189 1923 230 1983 ab
262 1941 301 1984 ea
330 1930 475 2004 tempore
506 1929 692 1985 constanter
726 1929 849 1985 servata
886 1924 1003 2004 fuerit,
1042 1930 1078 1987 nt
1106 1925 1256 1985 nimirum

124 2027 222 2091 Sacri
245 2017 421 2108 Curiones,
454 2031 483 2090 si
514 2031 604 2091 suavi
634 2030 853 2090 exhortatione
890 2017 1015 2111 parteln
1046 2029 1257 2093 acatholicum

122 2130 168 2196 ad
198 2131 381 2213 Religionis
416 2133 604 2196 Catholicae
641 2136 843 2197 sanctitatem
880 2134 1039 2198 adducere
1074 2136 1255 2217 nequirent,

122 2236 292 2318 negotium
315 2238 355 2301 ad
380 2239 531 2301 Cilicium
554 2239 751 2321 Episcopale
773 2239 934 2320 referant,
967 2247 999 2303 et
1019 2240 1192 2304 informent
1212 2239 1256 2303 il·

120 2341 185 2406 lnd
208 2340 247 2403 de
271 2363 328 2405 eo:
351 2365 411 2425 an,
435 2352 467 2408 et
482 2344 575 2424 quale
597 2345 775 2426 pericnlum
798 2345 1013 2427 perversionis
1037 2349 1121 2430 parti
1143 2348 1255 2410 catho-

119 2447 208 2512 licae
235 2450 418 2531 immineat,
448 2470 548 2533 neque
579 2454 659 2513 citra
682 2453 856 2532 expetitum
889 2451 1000 2515 Officii
1031 2453 1176 2515 eiusdem
1202 2455 1254 2514 iu·

119 2554 251 2618 dultum
273 2495 465 2638 praecipites
497 2563 597 2640 semet
617 2558 650 2619 in
673 2556 791 2619 talibus
823 2559 949 2638 sponsis
978 2556 1169 2636 copulandis
1199 2576 1252 2619 ex·

118 2659 274 2737 hibesnt3
296 2681 424 2723 rursum
446 2681 542 2742 porro
567 2660 620 2749 dd.
638 2667 689 2723 28.
710 2663 841 2723 Octobr.
862 2666 955 2722 1782.
973 2662 1172 2741 Episcopum
1194 2682 1249 2724 ze-

120 2765 325 2829 losissimum
354 2765 439 2849 apud
469 2772 631 2828 curatores
651 2753 835 2827 animarum
864 2740 900 2827 id
930 2765 1149 2846 disposuisse:
1180 2774 1250 2851 „ut‚

119 2892 222 2954 quum
245 2879 349 2934 stante
371 2873 472 2965 Regia
501 2871 749 2948 constitutione,
779 2867 881 2934 solius
910 2869 1053 2932 diversae
1083 2869 1250 2954 religionis

117 2976 220 3041 titulo
244 2980 323 3040 citra
346 2979 526 3058 graviorum
549 2975 704 3038 malorum
733 2974 876 3058 pericula
906 2974 1066 3056 copulatio
1097 2996 1249 3056 persona·

115 3103 194 3148 rum
217 3085 332 3145 mixtae
348 3081 516 3162 religionis
540 3080 728 3161 simpliciter
750 3082 860 3161 negari
878 3081 963 3143 haud
982 3083 1106 3163 possit,
1130 3080 1248 3162 imple-

117 3195 194 3254 rato
218 3209 310 3268 quiam
333 3187 566 3249 ferventissime
589 3187 700 3276 divino·
719 3184 838 3248 aurrilio
861 3187 1009 3270 prudenti
1033 3206 1069 3249 ac
1086 3197 1249 3252 mansueta

113 3294 239 3378 agendi
261 3294 385 3356 ratione
407 3296 452 3354 ita
475 3291 648 3355 salubriter
668 3312 734 3353 rem
758 3299 858 3355 totam
877 3293 1097 3372 moderentur,
1117 3315 1180 3376 quo
1197 3293 1248 3357 vel

113 3402 289 3482 utriusque
319 3396 415 3461 saluti
447 3418 540 3479 quam
573 3401 692 3479 optime
721 3396 910 3477 consulant,
941 3398 991 3460 vel
1021 3401 1050 3460 si
1078 3398 1112 3460 id
1144 3399 1246 3481 (quod

113 3507 207 3571 licus
230 3504 390 3577 advertat)
413 3503 587 3584 pertinacia
610 3521 799 3581 sponsorum
829 3502 1052 3584 praepediret,
1085 3523 1173 3565 auam
1205 3504 1244 3565 de

113 3614 264 3694 lmpensu
295 3611 380 3671 omui
409 3605 565 3691 pastorali
604 3612 719 3669 conatu
755 3608 982 3669 conscientiam
1011 3607 1243 3670 immaculatam

151 3886 325 3939 aecuafnerit
342 3885 457 3946 iactum,
476 3884 628 3933 abstineant
645 3895 753 3943 semper
771 3895 789 3931 a
806 3879 920 3944 nuptiali
938 3884 1125 3938 benedictione
1143 3883 1242 3949 imper·

150 3979 263 4041 tienda,
282 3991 425 4037 eorumque
444 3975 614 4039 praesentia,
634 3973 658 4023 ιί
676 3974 827 4025 necessitas
851 3981 965 4040 urgeat,
992 3975 1028 4026 sit
1053 3978 1240 4030 tandummodo

150 4065 316 4130 materialis,
341 4082 429 4129 nequa
456 4066 559 4118 actibus
584 4071 612 4117 et
630 4065 855 4129 declarationibus
875 4067 1074 4132 coniungatur,
1092 4079 1168 4130 quae
1178 4083 1242 4119 corr-

151 4160 261 4212 flrment
286 4157 334 4211 vel
360 4159 526 4222 approbent,
544 4153 648 4222 prolem
666 4153 744 4249 aliter
772 4171 850 4219 quam
878 4156 906 4208 iu
933 4158 1077 4224 Religicne
1104 4159 1242 4219 catholica

151 4266 236 4318 posse
254 4248 390 4304 educarii’

188 4336 353 4407 asueti.
370 4339 433 4395 280.
451 4339 558 4394 etm-
