<?xml version="1.0" encoding="UTF-8"?>
<!DOCTYPE html PUBLIC "-//W3C//DTD XHTML 1.0 Transitional//EN"
    "http://www.w3.org/TR/xhtml1/DTD/xhtml1-transitional.dtd">
<html xmlns="http://www.w3.org/1999/xhtml" xml:lang="en" lang="en">
 <head>
  <title>
</title>
<meta http-equiv="Content-Type" content="text/html;charset=utf-8" />
  <meta name='ocr-system' content='tesseract 3.04.00' />
  <meta name='ocr-capabilities' content='ocr_page ocr_carea ocr_par ocr_line ocrx_word'/>
</head>
<body>
  <div class='ocr_page' id='page_1' title='image "./dematrimoniismi01roskgoog_0284.png"; bbox 0 0 2798 4838; ppageno 0'>
   <div class='ocr_carea' id='block_1_1' title="bbox 588 209 981 298">
    <p class='ocr_par' dir='ltr' id='par_1_1' title="bbox 588 209 981 298">
     <span class='ocr_line' id='line_1_1' title="bbox 588 209 981 298; baseline 0.005 -2"><span class='ocrx_word' id='word_1_1' title='bbox 588 223 819 298; x_wconf 79' lang='lat'>-255-</span> <span class='ocrx_word' id='word_1_2' title='bbox 921 209 981 292; x_wconf 88' lang='lat'><strong>.&#39;</strong></span> 
     </span>
    </p>
   </div>
   <div class='ocr_carea' id='block_1_2' title="bbox 92 364 1303 2457">
    <p class='ocr_par' dir='ltr' id='par_1_2' title="bbox 131 364 1269 761">
     <span class='ocr_line' id='line_1_2' title="bbox 133 364 1268 456; baseline 0.008 -26"><span class='ocrx_word' id='word_1_3' title='bbox 133 364 329 431; x_wconf 88' lang='lat' dir='ltr'><strong>dinariatum</strong></span> <span class='ocrx_word' id='word_1_4' title='bbox 351 368 580 432; x_wconf 87' lang='lat' dir='ltr'><strong>recurrendum</strong></span> <span class='ocrx_word' id='word_1_5' title='bbox 613 391 684 433; x_wconf 89' lang='lat' dir='ltr'><strong>esse</strong></span> <span class='ocrx_word' id='word_1_6' title='bbox 717 377 836 436; x_wconf 91' lang='lat' dir='ltr'><strong>monet.</strong></span> <span class='ocrx_word' id='word_1_7' title='bbox 866 372 1001 436; x_wconf 81' lang='lat' dir='ltr'>Praeter</span> <span class='ocrx_word' id='word_1_8' title='bbox 1021 369 1136 438; x_wconf 86' lang='lat' dir='ltr'><strong>literas</strong></span> <span class='ocrx_word' id='word_1_9' title='bbox 1158 379 1268 456; x_wconf 85' lang='lat' dir='ltr'><strong>pasto·</strong></span> 
     </span>
     <span class='ocr_line' id='line_1_3' title="bbox 131 473 1303 562; baseline 0.008 -27"><span class='ocrx_word' id='word_1_10' title='bbox 131 473 217 536; x_wconf 89' lang='lat' dir='ltr'><strong>rales</strong></span> <span class='ocrx_word' id='word_1_11' title='bbox 242 473 282 537; x_wconf 91' lang='lat' dir='ltr'><strong>ad</strong></span> <span class='ocrx_word' id='word_1_12' title='bbox 307 473 438 538; x_wconf 86' lang='lat' dir='ltr'><strong>Clerum</strong></span> <span class='ocrx_word' id='word_1_13' title='bbox 463 478 618 540; x_wconf 82' lang='lat' dir='ltr'><strong>Curatum</strong></span> <span class='ocrx_word' id='word_1_14' title='bbox 647 477 807 556; x_wconf 85' lang='lat' dir='ltr'><strong>directas,</strong></span> <span class='ocrx_word' id='word_1_15' title='bbox 839 476 938 540; x_wconf 86' lang='lat' dir='ltr'><strong>iidem</strong></span> <span class='ocrx_word' id='word_1_16' title='bbox 959 480 1117 562; x_wconf 76' lang='lat' dir='ltr'><strong>Episcopi</strong></span> <span class='ocrx_word' id='word_1_17' title='bbox 1148 480 1303 544; x_wconf 90' lang='lat' dir='ltr'><strong>lnstrn·</strong></span> 
     </span>
     <span class='ocr_line' id='line_1_4' title="bbox 131 566 1269 666; baseline 0.011 -25"><span class='ocrx_word' id='word_1_18' title='bbox 131 583 274 643; x_wconf 90' lang='lat' dir='ltr'><strong>ctionem</strong></span> <span class='ocrx_word' id='word_1_19' title='bbox 297 601 424 663; x_wconf 86' lang='lat' dir='ltr'><strong>quoquo</strong></span> <span class='ocrx_word' id='word_1_20' title='bbox 447 588 621 663; x_wconf 83' lang='lat' dir='ltr'><strong>secretam,</strong></span> <span class='ocrx_word' id='word_1_21' title='bbox 644 586 793 664; x_wconf 87' lang='lat' dir='ltr'><strong>superius</strong></span> <span class='ocrx_word' id='word_1_22' title='bbox 798 566 1029 666; x_wconf 74' lang='lat' dir='ltr'><strong>descriptam,</strong></span> <span class='ocrx_word' id='word_1_23' title='bbox 1059 585 1102 648; x_wconf 91' lang='lat' dir='ltr'><strong>ad</strong></span> <span class='ocrx_word' id='word_1_24' title='bbox 1122 585 1269 653; x_wconf 79' lang='lat' dir='ltr'><strong>vicaria·</strong></span> 
     </span>
     <span class='ocr_line' id='line_1_5' title="bbox 131 683 584 761; baseline 0 -12"><span class='ocrx_word' id='word_1_25' title='bbox 131 694 180 749; x_wconf 91' lang='lat' dir='ltr'><strong>tus</strong></span> <span class='ocrx_word' id='word_1_26' title='bbox 205 708 283 749; x_wconf 91' lang='lat' dir='ltr'><strong>suos</strong></span> <span class='ocrx_word' id='word_1_27' title='bbox 307 688 508 750; x_wconf 87' lang='lat' dir='ltr'><strong>dimiserunt.</strong></span> <span class='ocrx_word' id='word_1_28' title='bbox 520 683 584 761; x_wconf 73' lang='lat'><strong>¹¹⁹²)</strong></span> 
     </span>
    </p>

    <p class='ocr_par' dir='ltr' id='par_1_3' title="bbox 92 791 1269 2457">
     <span class='ocr_line' id='line_1_6' title="bbox 236 791 1268 876; baseline 0.007 -22"><span class='ocrx_word' id='word_1_29' title='bbox 236 792 423 855; x_wconf 87' lang='lat' dir='ltr'><strong>Pastorales</strong></span> <span class='ocrx_word' id='word_1_30' title='bbox 453 795 689 876; x_wconf 89' lang='lat' dir='ltr'><strong>Episcoporum</strong></span> <span class='ocrx_word' id='word_1_31' title='bbox 719 791 832 856; x_wconf 90' lang='lat' dir='ltr'><strong>literas</strong></span> <span class='ocrx_word' id='word_1_32' title='bbox 871 815 943 856; x_wconf 91' lang='lat' dir='ltr'><strong>curn</strong></span> <span class='ocrx_word' id='word_1_33' title='bbox 972 796 1064 859; x_wconf 85' lang='lat' dir='ltr'><strong>Brevi</strong></span> <span class='ocrx_word' id='word_1_34' title='bbox 1092 797 1268 861; x_wconf 82' lang='lat' dir='ltr'><strong>Pontificio</strong></span> 
     </span>
     <span class='ocr_line' id='line_1_7' title="bbox 134 898 1268 985; baseline 0.008 -27"><span class='ocrx_word' id='word_1_35' title='bbox 134 918 193 959; x_wconf 93' lang='lat' dir='ltr'><strong>non</strong></span> <span class='ocrx_word' id='word_1_36' title='bbox 220 899 440 978; x_wconf 87' lang='lat' dir='ltr'><strong>concordare,</strong></span> <span class='ocrx_word' id='word_1_37' title='bbox 463 898 605 979; x_wconf 88' lang='lat' dir='ltr'><strong>alioquin</strong></span> <span class='ocrx_word' id='word_1_38' title='bbox 628 901 661 960; x_wconf 93' lang='lat' dir='ltr'><strong>in</strong></span> <span class='ocrx_word' id='word_1_39' title='bbox 685 898 799 962; x_wconf 88' lang='lat' dir='ltr'><strong>oculos</strong></span> <span class='ocrx_word' id='word_1_40' title='bbox 821 901 978 981; x_wconf 74' lang='lat' dir='ltr'><strong>incurrit,</strong></span> <span class='ocrx_word' id='word_1_41' title='bbox 1001 908 1087 965; x_wconf 87' lang='lat' dir='ltr'><strong>etex</strong></span> <span class='ocrx_word' id='word_1_42' title='bbox 1104 905 1163 985; x_wconf 92' lang='lat' dir='ltr'><strong>iis,</strong></span> <span class='ocrx_word' id='word_1_43' title='bbox 1186 922 1268 984; x_wconf 82' lang='lat' dir='ltr'><strong>quae</strong></span> 
     </span>
     <span class='ocr_line' id='line_1_8' title="bbox 137 1002 1269 1084; baseline 0.007 -20"><span class='ocrx_word' id='word_1_44' title='bbox 137 1004 175 1066; x_wconf 93' lang='lat' dir='ltr'><strong>de</strong></span> <span class='ocrx_word' id='word_1_45' title='bbox 199 1004 420 1084; x_wconf 75' lang='lat' dir='ltr'><strong>discrepantia</strong></span> <span class='ocrx_word' id='word_1_46' title='bbox 443 1006 670 1066; x_wconf 75' lang='lat' dir='ltr'><strong>Contentionis</strong></span> <span class='ocrx_word' id='word_1_47' title='bbox 693 1002 916 1069; x_wconf 90' lang='lat' dir='ltr'><strong>Berolinensis</strong></span> <span class='ocrx_word' id='word_1_48' title='bbox 945 1027 1015 1069; x_wconf 93' lang='lat' dir='ltr'><strong>cum</strong></span> <span class='ocrx_word' id='word_1_49' title='bbox 1039 1006 1151 1070; x_wconf 91' lang='lat' dir='ltr'><strong>eodem</strong></span> <span class='ocrx_word' id='word_1_50' title='bbox 1172 1009 1269 1072; x_wconf 83' lang='lat' dir='ltr'><strong>Brevi</strong></span> 
     </span>
     <span class='ocr_line' id='line_1_9' title="bbox 133 1109 1269 1194; baseline 0.007 -23"><span class='ocrx_word' id='word_1_51' title='bbox 133 1112 195 1172; x_wconf 86' lang='lat' dir='ltr'><strong>iam</strong></span> <span class='ocrx_word' id='word_1_52' title='bbox 221 1113 416 1190; x_wconf 91' lang='lat' dir='ltr'><strong>monuimus,</strong></span> <span class='ocrx_word' id='word_1_53' title='bbox 440 1112 577 1172; x_wconf 88' lang='lat' dir='ltr'><strong>ubertim</strong></span> <span class='ocrx_word' id='word_1_54' title='bbox 599 1109 813 1191; x_wconf 76' lang='lat' dir='ltr'><strong>intelligitur:</strong></span> <span class='ocrx_word' id='word_1_55' title='bbox 835 1110 871 1172; x_wconf 93' lang='lat' dir='ltr'><strong>id</strong></span> <span class='ocrx_word' id='word_1_56' title='bbox 893 1131 987 1174; x_wconf 93' lang='lat' dir='ltr'><strong>unum</strong></span> <span class='ocrx_word' id='word_1_57' title='bbox 1011 1116 1172 1194; x_wconf 77' lang='lat' dir='ltr'><strong>praesenti</strong></span> <span class='ocrx_word' id='word_1_58' title='bbox 1193 1111 1269 1179; x_wconf 91' lang='lat' dir='ltr'><strong>loco</strong></span> 
     </span>
     <span class='ocr_line' id='line_1_10' title="bbox 132 1215 1268 1300; baseline 0.005 -23"><span class='ocrx_word' id='word_1_59' title='bbox 132 1218 266 1299; x_wconf 83' lang='lat' dir='ltr'><strong>insuper</strong></span> <span class='ocrx_word' id='word_1_60' title='bbox 287 1223 399 1277; x_wconf 89' lang='lat' dir='ltr'><strong>notare</strong></span> <span class='ocrx_word' id='word_1_61' title='bbox 412 1215 538 1295; x_wconf 88' lang='lat' dir='ltr'><strong>liceat,</strong></span> <span class='ocrx_word' id='word_1_62' title='bbox 561 1215 773 1278; x_wconf 82' lang='lat' dir='ltr'><strong>universalem</strong></span> <span class='ocrx_word' id='word_1_63' title='bbox 797 1215 1031 1297; x_wconf 81' lang='lat' dir='ltr'><strong>delegationem</strong></span> <span class='ocrx_word' id='word_1_64' title='bbox 1048 1238 1107 1300; x_wconf 91' lang='lat' dir='ltr'><strong>pro</strong></span> <span class='ocrx_word' id='word_1_65' title='bbox 1126 1225 1268 1283; x_wconf 83' lang='lat' dir='ltr'><strong>tractan-</strong></span> 
     </span>
     <span class='ocr_line' id='line_1_11' title="bbox 135 1321 1267 1404; baseline 0.004 -20"><span class='ocrx_word' id='word_1_66' title='bbox 135 1321 183 1384; x_wconf 90' lang='lat' dir='ltr'><strong>dis</strong></span> <span class='ocrx_word' id='word_1_67' title='bbox 206 1329 301 1383; x_wconf 90' lang='lat' dir='ltr'><strong>matr.</strong></span> <span class='ocrx_word' id='word_1_68' title='bbox 325 1324 496 1384; x_wconf 85' lang='lat' dir='ltr'><strong>mixtorum</strong></span> <span class='ocrx_word' id='word_1_69' title='bbox 529 1323 656 1384; x_wconf 84' lang='lat' dir='ltr'><strong>casibus</strong></span> <span class='ocrx_word' id='word_1_70' title='bbox 678 1322 833 1385; x_wconf 88' lang='lat' dir='ltr'><strong>Paroclris</strong></span> <span class='ocrx_word' id='word_1_71' title='bbox 864 1322 1002 1404; x_wconf 86' lang='lat' dir='ltr'><strong>factam,</strong></span> <span class='ocrx_word' id='word_1_72' title='bbox 1034 1330 1067 1386; x_wconf 92' lang='lat' dir='ltr'><strong>et</strong></span> <span class='ocrx_word' id='word_1_73' title='bbox 1088 1325 1267 1390; x_wconf 89' lang='lat' dir='ltr'><strong>discussio-</strong></span> 
     </span>
     <span class='ocr_line' id='line_1_12' title="bbox 92 1427 1267 1514; baseline 0.003 -24"><span class='ocrx_word' id='word_1_74' title='bbox 92 1464 95 1471; x_wconf 89' lang='lat'><strong>·</strong></span> <span class='ocrx_word' id='word_1_75' title='bbox 135 1449 204 1490; x_wconf 91' lang='lat' dir='ltr'><strong>nem</strong></span> <span class='ocrx_word' id='word_1_76' title='bbox 235 1449 403 1490; x_wconf 86' lang='lat' dir='ltr'><strong>causarum</strong></span> <span class='ocrx_word' id='word_1_77' title='bbox 431 1428 617 1490; x_wconf 82' lang='lat' dir='ltr'><strong>istiusmodi</strong></span> <span class='ocrx_word' id='word_1_78' title='bbox 649 1427 907 1490; x_wconf 86' lang='lat' dir='ltr'><strong>0rdiuariatibus</strong></span> <span class='ocrx_word' id='word_1_79' title='bbox 943 1428 1133 1492; x_wconf 86' lang='lat' dir='ltr'><strong>subductam</strong></span> <span class='ocrx_word' id='word_1_80' title='bbox 1162 1429 1267 1514; x_wconf 90' lang='lat' dir='ltr'><strong>pluri·</strong></span> 
     </span>
     <span class='ocr_line' id='line_1_13' title="bbox 134 1534 1267 1616; baseline 0.003 -19"><span class='ocrx_word' id='word_1_81' title='bbox 134 1537 190 1598; x_wconf 89' lang='lat' dir='ltr'><strong>bus</strong></span> <span class='ocrx_word' id='word_1_82' title='bbox 215 1555 254 1596; x_wconf 84' lang='lat' dir='ltr'><strong>ex</strong></span> <span class='ocrx_word' id='word_1_83' title='bbox 279 1536 444 1596; x_wconf 89' lang='lat' dir='ltr'><strong>obtutibus</strong></span> <span class='ocrx_word' id='word_1_84' title='bbox 474 1534 707 1616; x_wconf 85' lang='lat' dir='ltr'><strong>reprobandam</strong></span> <span class='ocrx_word' id='word_1_85' title='bbox 731 1554 811 1598; x_wconf 88' lang='lat' dir='ltr'><strong>esse.</strong></span> <span class='ocrx_word' id='word_1_86' title='bbox 852 1535 933 1595; x_wconf 87' lang='lat' dir='ltr'><strong>Nam</strong></span> <span class='ocrx_word' id='word_1_87' title='bbox 963 1535 1123 1615; x_wconf 80' lang='lat' dir='ltr'><strong>generalis</strong></span> <span class='ocrx_word' id='word_1_88' title='bbox 1153 1536 1267 1601; x_wconf 88' lang='lat' dir='ltr'><strong>huius·</strong></span> 
     </span>
     <span class='ocr_line' id='line_1_14' title="bbox 134 1637 1267 1722; baseline 0.002 -20"><span class='ocrx_word' id='word_1_89' title='bbox 134 1640 218 1703; x_wconf 92' lang='lat' dir='ltr'><strong>modi</strong></span> <span class='ocrx_word' id='word_1_90' title='bbox 242 1639 406 1720; x_wconf 79' lang='lat' dir='ltr'><strong>delegatio</strong></span> <span class='ocrx_word' id='word_1_91' title='bbox 429 1643 559 1722; x_wconf 89' lang='lat' dir='ltr'><strong>spiritui</strong></span> <span class='ocrx_word' id='word_1_92' title='bbox 582 1640 774 1720; x_wconf 90' lang='lat' dir='ltr'><strong>disciplinae</strong></span> <span class='ocrx_word' id='word_1_93' title='bbox 798 1637 1036 1703; x_wconf 84' lang='lat' dir='ltr'><strong>ecclesiasticae</strong></span> <span class='ocrx_word' id='word_1_94' title='bbox 1063 1661 1127 1704; x_wconf 94' lang='lat' dir='ltr'><strong>non</strong></span> <span class='ocrx_word' id='word_1_95' title='bbox 1149 1661 1267 1704; x_wconf 86' lang='lat' dir='ltr'><strong>conve·</strong></span> 
     </span>
     <span class='ocr_line' id='line_1_15' title="bbox 131 1745 1266 1829; baseline 0.002 -21"><span class='ocrx_word' id='word_1_96' title='bbox 131 1749 200 1826; x_wconf 88' lang='lat' dir='ltr'><strong>nit,</strong></span> <span class='ocrx_word' id='word_1_97' title='bbox 236 1754 268 1808; x_wconf 90' lang='lat' dir='ltr'><strong>et</strong></span> <span class='ocrx_word' id='word_1_98' title='bbox 290 1767 402 1817; x_wconf 82' lang='lat' dir='ltr'><strong>nexrun</strong></span> <span class='ocrx_word' id='word_1_99' title='bbox 432 1768 469 1808; x_wconf 91' lang='lat' dir='ltr'><strong>ac</strong></span> <span class='ocrx_word' id='word_1_100' title='bbox 499 1749 815 1808; x_wconf 89' lang='lat' dir='ltr'><strong>communicationem</strong></span> <span class='ocrx_word' id='word_1_101' title='bbox 843 1745 929 1806; x_wconf 89' lang='lat' dir='ltr'><strong>inter</strong></span> <span class='ocrx_word' id='word_1_102' title='bbox 958 1747 1159 1829; x_wconf 82' lang='lat' dir='ltr'><strong>Episcopum</strong></span> <span class='ocrx_word' id='word_1_103' title='bbox 1190 1745 1266 1810; x_wconf 82' lang='lat' dir='ltr'><strong>cle-</strong></span> 
     </span>
     <span class='ocr_line' id='line_1_16' title="bbox 134 1852 1266 1933; baseline 0.002 -18"><span class='ocrx_word' id='word_1_104' title='bbox 134 1874 239 1916; x_wconf 87' lang='lat' dir='ltr'><strong>rumve</strong></span> <span class='ocrx_word' id='word_1_105' title='bbox 264 1855 439 1933; x_wconf 82' lang='lat' dir='ltr'><strong>Curatum,</strong></span> <span class='ocrx_word' id='word_1_106' title='bbox 463 1853 586 1931; x_wconf 75' lang='lat' dir='ltr'><strong>siuti,</strong></span> <span class='ocrx_word' id='word_1_107' title='bbox 616 1859 702 1914; x_wconf 87' lang='lat' dir='ltr'><strong>certe</strong></span> <span class='ocrx_word' id='word_1_108' title='bbox 734 1853 766 1912; x_wconf 90' lang='lat' dir='ltr'><strong>in</strong></span> <span class='ocrx_word' id='word_1_109' title='bbox 790 1852 852 1912; x_wconf 93' lang='lat' dir='ltr'><strong>hoe</strong></span> <span class='ocrx_word' id='word_1_110' title='bbox 874 1852 1004 1914; x_wconf 70' lang='lat' dir='ltr'><strong>maximi</strong></span> <span class='ocrx_word' id='word_1_111' title='bbox 1033 1855 1187 1917; x_wconf 89' lang='lat' dir='ltr'><strong>momenti</strong></span> <span class='ocrx_word' id='word_1_112' title='bbox 1207 1874 1266 1917; x_wconf 93' lang='lat' dir='ltr'><strong>ne·</strong></span> 
     </span>
     <span class='ocr_line' id='line_1_17' title="bbox 136 1958 1267 2042; baseline 0.003 -22"><span class='ocrx_word' id='word_1_113' title='bbox 136 1963 219 2040; x_wconf 78' lang='lat' dir='ltr'><strong>gotio</strong></span> <span class='ocrx_word' id='word_1_114' title='bbox 243 1959 517 2041; x_wconf 88' lang='lat' dir='ltr'><strong>pernecessariam</strong></span> <span class='ocrx_word' id='word_1_115' title='bbox 547 1960 692 2038; x_wconf 86' lang='lat' dir='ltr'><strong>subruit,</strong></span> <span class='ocrx_word' id='word_1_116' title='bbox 720 1959 964 2037; x_wconf 90' lang='lat' dir='ltr'><strong>innumerasque</strong></span> <span class='ocrx_word' id='word_1_117' title='bbox 992 1960 1025 2021; x_wconf 90' lang='lat' dir='ltr'><strong>in</strong></span> <span class='ocrx_word' id='word_1_118' title='bbox 1055 1960 1147 2042; x_wconf 84' lang='lat' dir='ltr'><strong>praxi</strong></span> <span class='ocrx_word' id='word_1_119' title='bbox 1176 1958 1267 2023; x_wconf 84' lang='lat' dir='ltr'><strong>ditu-</strong></span> 
     </span>
     <span class='ocr_line' id='line_1_18' title="bbox 137 2064 1266 2149; baseline 0.003 -22"><span class='ocrx_word' id='word_1_120' title='bbox 137 2065 267 2128; x_wconf 88' lang='lat' dir='ltr'><strong>cultates</strong></span> <span class='ocrx_word' id='word_1_121' title='bbox 291 2070 442 2145; x_wconf 83' lang='lat' dir='ltr'><strong>generat3</strong></span> <span class='ocrx_word' id='word_1_122' title='bbox 476 2064 636 2146; x_wconf 87' lang='lat' dir='ltr'><strong>siquidem</strong></span> <span class='ocrx_word' id='word_1_123' title='bbox 668 2070 746 2144; x_wconf 89' lang='lat' dir='ltr'><strong>quot</strong></span> <span class='ocrx_word' id='word_1_124' title='bbox 768 2064 893 2145; x_wconf 88' lang='lat' dir='ltr'><strong>capita,</strong></span> <span class='ocrx_word' id='word_1_125' title='bbox 916 2071 966 2127; x_wconf 93' lang='lat' dir='ltr'><strong>tot</strong></span> <span class='ocrx_word' id='word_1_126' title='bbox 988 2065 1054 2127; x_wconf 88' lang='lat' dir='ltr'><strong>sint</strong></span> <span class='ocrx_word' id='word_1_127' title='bbox 1075 2068 1266 2149; x_wconf 85' lang='lat' dir='ltr'><strong>sententiae,</strong></span> 
     </span>
     <span class='ocr_line' id='line_1_19' title="bbox 139 2169 1265 2251; baseline 0.004 -18"><span class='ocrx_word' id='word_1_128' title='bbox 139 2179 165 2233; x_wconf 87' lang='lat' dir='ltr'><strong>ot</strong></span> <span class='ocrx_word' id='word_1_129' title='bbox 183 2171 299 2234; x_wconf 88' lang='lat' dir='ltr'><strong>relicta</strong></span> <span class='ocrx_word' id='word_1_130' title='bbox 323 2172 456 2234; x_wconf 87' lang='lat' dir='ltr'><strong>arbitrio</strong></span> <span class='ocrx_word' id='word_1_131' title='bbox 485 2173 578 2232; x_wconf 75' lang='lat' dir='ltr'><strong>tunice</strong></span> <span class='ocrx_word' id='word_1_132' title='bbox 589 2169 821 2251; x_wconf 86' lang='lat' dir='ltr'><strong>parochorum</strong></span> <span class='ocrx_word' id='word_1_133' title='bbox 850 2170 947 2233; x_wconf 84' lang='lat' dir='ltr'><strong>mixta</strong></span> <span class='ocrx_word' id='word_1_134' title='bbox 969 2172 1170 2236; x_wconf 87' lang='lat' dir='ltr'><strong>matrimonia</strong></span> <span class='ocrx_word' id='word_1_135' title='bbox 1198 2179 1265 2237; x_wconf 82' lang='lat' dir='ltr'><strong>tra·</strong></span> 
     </span>
     <span class='ocr_line' id='line_1_20' title="bbox 139 2276 1264 2363; baseline 0.005 -25"><span class='ocrx_word' id='word_1_136' title='bbox 139 2278 239 2340; x_wconf 88' lang='lat' dir='ltr'><strong>ctaudi</strong></span> <span class='ocrx_word' id='word_1_137' title='bbox 259 2279 446 2360; x_wconf 82' lang='lat' dir='ltr'><strong>provincia,</strong></span> <span class='ocrx_word' id='word_1_138' title='bbox 471 2277 620 2360; x_wconf 91' lang='lat' dir='ltr'><strong>impediri</strong></span> <span class='ocrx_word' id='word_1_139' title='bbox 642 2284 781 2358; x_wconf 89' lang='lat' dir='ltr'><strong>nequeat</strong></span> <span class='ocrx_word' id='word_1_140' title='bbox 807 2276 1018 2355; x_wconf 86' lang='lat' dir='ltr'><strong>difformitas‚</strong></span> <span class='ocrx_word' id='word_1_141' title='bbox 1040 2285 1137 2360; x_wconf 92' lang='lat' dir='ltr'><strong>prout</strong></span> <span class='ocrx_word' id='word_1_142' title='bbox 1156 2282 1264 2363; x_wconf 87' lang='lat' dir='ltr'><strong>reipsa</strong></span> 
     </span>
     <span class='ocr_line' id='line_1_21' title="bbox 126 2378 440 2457; baseline 0.006 -14"><span class='ocrx_word' id='word_1_143' title='bbox 126 2385 226 2448; x_wconf 77' lang='lat' dir='ltr'><strong>‚etiam</strong></span> <span class='ocrx_word' id='word_1_144' title='bbox 249 2384 363 2447; x_wconf 83' lang='lat' dir='ltr'><strong>evenit.</strong></span> <span class='ocrx_word' id='word_1_145' title='bbox 375 2378 440 2457; x_wconf 72' lang='lat' dir='ltr'><strong>l⁹³)</strong></span> 
     </span>
    </p>
   </div>
   <div class='ocr_carea' id='block_1_3' title="bbox 89 2549 380 2567">
    <p class='ocr_par' dir='ltr' id='par_1_4' title="bbox 89 2549 380 2567">
     <span class='ocr_line' id='line_1_22' title="bbox 89 2549 380 2567; baseline 0.003 -1"><span class='ocrx_word' id='word_1_146' title='bbox 89 2549 92 2557; x_wconf 89' lang='lat'>¹</span> <span class='ocrx_word' id='word_1_147' title='bbox 141 2549 380 2567; x_wconf 49' lang='lat' dir='ltr'><strong>*nnat—-</strong></span> 
     </span>
    </p>
   </div>
   <div class='ocr_carea' id='block_1_4' title="bbox 90 2658 1327 4395">
    <p class='ocr_par' dir='ltr' id='par_1_5' title="bbox 90 2658 1327 4108">
     <span class='ocr_line' id='line_1_23' title="bbox 200 2658 1264 2727; baseline 0.002 -13"><span class='ocrx_word' id='word_1_148' title='bbox 200 2658 270 2727; x_wconf 68' lang='lat'>492)</span> <span class='ocrx_word' id='word_1_149' title='bbox 296 2667 326 2714; x_wconf 86' lang='lat' dir='ltr'><strong>ln</strong></span> <span class='ocrx_word' id='word_1_150' title='bbox 360 2663 584 2726; x_wconf 85' lang='lat' dir='ltr'><strong>Ephemeridibus</strong></span> <span class='ocrx_word' id='word_1_151' title='bbox 621 2663 973 2726; x_wconf 79' lang='lat' dir='ltr'><strong>Aschaitenburgenaibusr</strong></span> <span class='ocrx_word' id='word_1_152' title='bbox 1000 2664 1172 2716; x_wconf 72' lang='lat' dir='ltr'><strong>Rauottsete</strong></span> <span class='ocrx_word' id='word_1_153' title='bbox 1197 2665 1264 2717; x_wconf 69' lang='lat' dir='ltr'><strong>lite·</strong></span> 
     </span>
     <span class='ocr_line' id='line_1_24' title="bbox 168 2751 1265 2819; baseline 0.002 -13"><span class='ocrx_word' id='word_1_154' title='bbox 168 2759 345 2818; x_wconf 68' lang='lat' dir='ltr'><strong>conscientia.</strong></span> <span class='ocrx_word' id='word_1_155' title='bbox 374 2752 465 2806; x_wconf 82' lang='grc'><strong><em>1836.</em></strong></span> <span class='ocrx_word' id='word_1_156' title='bbox 484 2758 535 2805; x_wconf 87' lang='lat' dir='ltr'><strong>No.</strong></span> <span class='ocrx_word' id='word_1_157' title='bbox 560 2753 608 2805; x_wconf 81' lang='lat'><strong>50.</strong></span> <span class='ocrx_word' id='word_1_158' title='bbox 628 2769 653 2812; x_wconf 76' lang='lat' dir='ltr'><strong>a.</strong></span> <span class='ocrx_word' id='word_1_159' title='bbox 672 2751 741 2805; x_wconf 73' lang='lat'><strong>422.</strong></span> <span class='ocrx_word' id='word_1_160' title='bbox 767 2757 816 2803; x_wconf 88' lang='lat' dir='ltr'><strong>sub</strong></span> <span class='ocrx_word' id='word_1_161' title='bbox 849 2752 945 2805; x_wconf 82' lang='lat' dir='ltr'><strong>titulo:</strong></span> <span class='ocrx_word' id='word_1_162' title='bbox 974 2753 1265 2819; x_wconf 80' lang='lat' dir='ltr'><strong>„Disciplinaarcana</strong></span> 
     </span>
     <span class='ocr_line' id='line_1_25' title="bbox 166 2843 1263 2913; baseline 0.001 -14"><span class='ocrx_word' id='word_1_163' title='bbox 166 2851 304 2900; x_wconf 78' lang='lat' dir='ltr'><strong>neoterica</strong></span> <span class='ocrx_word' id='word_1_164' title='bbox 315 2850 394 2899; x_wconf 84' lang='lat' dir='ltr'><strong>cirea</strong></span> <span class='ocrx_word' id='word_1_165' title='bbox 413 2847 579 2898; x_wconf 88' lang='lat' dir='ltr'><strong>matrimonia</strong></span> <span class='ocrx_word' id='word_1_166' title='bbox 593 2843 691 2895; x_wconf 86' lang='lat' dir='ltr'><strong>mixta”</strong></span> <span class='ocrx_word' id='word_1_167' title='bbox 710 2848 823 2911; x_wconf 77' lang='lat' dir='ltr'><strong>vulgata</strong></span> <span class='ocrx_word' id='word_1_168' title='bbox 841 2846 892 2895; x_wconf 84' lang='lat' dir='ltr'><strong>tuit</strong></span> <span class='ocrx_word' id='word_1_169' title='bbox 911 2847 1055 2897; x_wconf 84' lang='lat' dir='ltr'><strong>instructio</strong></span> <span class='ocrx_word' id='word_1_170' title='bbox 1071 2851 1103 2898; x_wconf 88' lang='lat' dir='ltr'><strong>ab</strong></span> <span class='ocrx_word' id='word_1_171' title='bbox 1119 2849 1263 2913; x_wconf 71' lang='lat' dir='ltr'><strong>Episcopi·</strong></span> 
     </span>
     <span class='ocr_line' id='line_1_26' title="bbox 166 2938 1265 3000; baseline 0.003 -9"><span class='ocrx_word' id='word_1_172' title='bbox 166 2941 303 2992; x_wconf 82' lang='lat' dir='ltr'><strong>Rhenanis</strong></span> <span class='ocrx_word' id='word_1_173' title='bbox 323 2944 356 2990; x_wconf 86' lang='lat' dir='ltr'><strong>ad</strong></span> <span class='ocrx_word' id='word_1_174' title='bbox 374 2941 528 2990; x_wconf 75' lang='lat' dir='ltr'><strong>vicariatus</strong></span> <span class='ocrx_word' id='word_1_175' title='bbox 557 2939 684 2988; x_wconf 78' lang='lat' dir='ltr'><strong>dimissa:</strong></span> <span class='ocrx_word' id='word_1_176' title='bbox 708 2938 735 2986; x_wconf 93' lang='lat' dir='ltr'><strong>in</strong></span> <span class='ocrx_word' id='word_1_177' title='bbox 756 2951 807 2998; x_wconf 87' lang='lat' dir='ltr'><strong>qua</strong></span> <span class='ocrx_word' id='word_1_178' title='bbox 831 2947 930 3000; x_wconf 85' lang='lat' dir='ltr'><strong>puncta</strong></span> <span class='ocrx_word' id='word_1_179' title='bbox 953 2946 1078 2991; x_wconf 89' lang='lat' dir='ltr'><strong>secretae</strong></span> <span class='ocrx_word' id='word_1_180' title='bbox 1105 2942 1265 2994; x_wconf 86' lang='lat' dir='ltr'><strong>instructio·</strong></span> 
     </span>
     <span class='ocr_line' id='line_1_27' title="bbox 165 3030 1264 3108; baseline 0.003 -26"><span class='ocrx_word' id='word_1_181' title='bbox 165 3036 226 3098; x_wconf 89' lang='lat' dir='ltr'><strong>nis,</strong></span> <span class='ocrx_word' id='word_1_182' title='bbox 247 3049 263 3083; x_wconf 79' lang='lat' dir='ltr'><strong>s</strong></span> <span class='ocrx_word' id='word_1_183' title='bbox 281 3033 360 3108; x_wconf 82' lang='lat' dir='ltr'><strong>uobis</strong></span> <span class='ocrx_word' id='word_1_184' title='bbox 386 3033 510 3095; x_wconf 91' lang='lat' dir='ltr'><strong>superius</strong></span> <span class='ocrx_word' id='word_1_185' title='bbox 538 3032 704 3095; x_wconf 86' lang='lat' dir='ltr'><strong>descriptae,</strong></span> <span class='ocrx_word' id='word_1_186' title='bbox 728 3030 848 3080; x_wconf 88' lang='lat' dir='ltr'><strong>breviter</strong></span> <span class='ocrx_word' id='word_1_187' title='bbox 874 3033 923 3081; x_wconf 91' lang='lat' dir='ltr'><strong>sed</strong></span> <span class='ocrx_word' id='word_1_188' title='bbox 942 3045 1001 3081; x_wconf 91' lang='lat' dir='ltr'><strong>cum</strong></span> <span class='ocrx_word' id='word_1_189' title='bbox 1020 3032 1112 3094; x_wconf 78' lang='lat' dir='ltr'><strong>aliquo</strong></span> <span class='ocrx_word' id='word_1_190' title='bbox 1137 3033 1264 3086; x_wconf 72' lang='lat' dir='ltr'><strong>differen-</strong></span> 
     </span>
     <span class='ocr_line' id='line_1_28' title="bbox 167 3113 1264 3188; baseline 0.005 -14"><span class='ocrx_word' id='word_1_191' title='bbox 167 3126 200 3176; x_wconf 84' lang='lat' dir='ltr'><strong>tia</strong></span> <span class='ocrx_word' id='word_1_192' title='bbox 227 3129 449 3188; x_wconf 89' lang='lat' dir='ltr'><strong>proponebantur</strong></span> <span class='ocrx_word' id='word_1_193' title='bbox 455 3146 467 3186; x_wconf 83' lang='lat'><strong>·,</strong></span> <span class='ocrx_word' id='word_1_194' title='bbox 491 3113 551 3184; x_wconf 51' lang='lat' dir='ltr'><strong>ita.</strong></span> <span class='ocrx_word' id='word_1_195' title='bbox 573 3130 603 3173; x_wconf 87' lang='lat' dir='ltr'><strong>ut</strong></span> <span class='ocrx_word' id='word_1_196' title='bbox 622 3134 688 3173; x_wconf 68' lang='lat' dir='ltr'><strong>cum‘</strong></span> <span class='ocrx_word' id='word_1_197' title='bbox 709 3119 772 3186; x_wconf 88' lang='lat' dir='ltr'><strong>illa,</strong></span> <span class='ocrx_word' id='word_1_198' title='bbox 793 3137 870 3183; x_wconf 85' lang='lat' dir='ltr'><strong>quam</strong></span> <span class='ocrx_word' id='word_1_199' title='bbox 896 3122 1027 3186; x_wconf 81' lang='lat' dir='ltr'><strong>Episcopi</strong></span> <span class='ocrx_word' id='word_1_200' title='bbox 1045 3126 1136 3187; x_wconf 90' lang='lat' dir='ltr'><strong>reipsa</strong></span> <span class='ocrx_word' id='word_1_201' title='bbox 1159 3126 1194 3176; x_wconf 86' lang='lat' dir='ltr'><strong>ad</strong></span> <span class='ocrx_word' id='word_1_202' title='bbox 1212 3126 1264 3180; x_wconf 83' lang='lat' dir='ltr'><strong>vt-</strong></span> 
     </span>
     <span class='ocr_line' id='line_1_29' title="bbox 167 3213 1265 3281; baseline 0.002 -13"><span class='ocrx_word' id='word_1_203' title='bbox 167 3220 284 3268; x_wconf 81' lang='lat' dir='ltr'><strong>cariatus</strong></span> <span class='ocrx_word' id='word_1_204' title='bbox 310 3232 375 3266; x_wconf 89' lang='lat' dir='ltr'><strong>suos</strong></span> <span class='ocrx_word' id='word_1_205' title='bbox 395 3218 563 3277; x_wconf 86' lang='lat' dir='ltr'><strong>dimiserunt,</strong></span> <span class='ocrx_word' id='word_1_206' title='bbox 590 3230 644 3264; x_wconf 90' lang='lat' dir='ltr'><strong>non</strong></span> <span class='ocrx_word' id='word_1_207' title='bbox 663 3213 917 3281; x_wconf 76' lang='lat' dir='ltr'><strong>pienecongruat3</strong></span> <span class='ocrx_word' id='word_1_208' title='bbox 937 3217 1078 3281; x_wconf 77' lang='lat' dir='ltr'><strong>signanter</strong></span> <span class='ocrx_word' id='word_1_209' title='bbox 1104 3223 1193 3270; x_wconf 88' lang='lat' dir='ltr'><strong>autem</strong></span> <span class='ocrx_word' id='word_1_210' title='bbox 1211 3219 1265 3270; x_wconf 85' lang='lat' dir='ltr'><strong>dii·</strong></span> 
     </span>
     <span class='ocr_line' id='line_1_30' title="bbox 166 3294 1327 3384; baseline 0.003 -24"><span class='ocrx_word' id='word_1_211' title='bbox 166 3313 234 3360; x_wconf 85' lang='lat' dir='ltr'><strong>ierat</strong></span> <span class='ocrx_word' id='word_1_212' title='bbox 253 3313 286 3360; x_wconf 79' lang='lat' dir='ltr'><strong>sb</strong></span> <span class='ocrx_word' id='word_1_213' title='bbox 305 3312 354 3359; x_wconf 83' lang='lat' dir='ltr'><strong>isac</strong></span> <span class='ocrx_word' id='word_1_214' title='bbox 373 3312 401 3360; x_wconf 92' lang='lat' dir='ltr'><strong>in</strong></span> <span class='ocrx_word' id='word_1_215' title='bbox 420 3323 472 3369; x_wconf 87' lang='lat' dir='ltr'><strong>eo,</strong></span> <span class='ocrx_word' id='word_1_216' title='bbox 491 3310 562 3369; x_wconf 85' lang='lat' dir='ltr'><strong>quod</strong></span> <span class='ocrx_word' id='word_1_217' title='bbox 581 3309 701 3357; x_wconf 85' lang='lat' dir='ltr'><strong>dicatur:</strong></span> <span class='ocrx_word' id='word_1_218' title='bbox 730 3294 937 3358; x_wconf 84' lang='lat' dir='ltr'><strong>instructionem</strong></span> <span class='ocrx_word' id='word_1_219' title='bbox 962 3307 1036 3359; x_wconf 89' lang='lat' dir='ltr'><strong>illam</strong></span> <span class='ocrx_word' id='word_1_220' title='bbox 1061 3311 1170 3361; x_wconf 87' lang='lat' dir='ltr'><strong>nonnisi</strong></span> <span class='ocrx_word' id='word_1_221' title='bbox 1197 3325 1264 3374; x_wconf 83' lang='lat' dir='ltr'><strong>patt-</strong></span> <span class='ocrx_word' id='word_1_222' title='bbox 1325 3377 1327 3384; x_wconf 21' lang='lat' dir='ltr'>y</span> 
     </span>
     <span class='ocr_line' id='line_1_31' title="bbox 166 3395 1263 3466; baseline 0.003 -14"><span class='ocrx_word' id='word_1_223' title='bbox 166 3404 203 3452; x_wconf 86' lang='lat' dir='ltr'><strong>eis</strong></span> <span class='ocrx_word' id='word_1_224' title='bbox 222 3405 350 3466; x_wconf 87' lang='lat' dir='ltr'><strong>parochis</strong></span> <span class='ocrx_word' id='word_1_225' title='bbox 369 3402 570 3461; x_wconf 86' lang='lat' dir='ltr'><strong>transmissam,</strong></span> <span class='ocrx_word' id='word_1_226' title='bbox 590 3402 652 3451; x_wconf 90' lang='lat' dir='ltr'><strong>item</strong></span> <span class='ocrx_word' id='word_1_227' title='bbox 672 3404 704 3450; x_wconf 86' lang='lat' dir='ltr'><strong>ab</strong></span> <span class='ocrx_word' id='word_1_228' title='bbox 724 3401 867 3462; x_wconf 88' lang='lat' dir='ltr'><strong>Episcopis</strong></span> <span class='ocrx_word' id='word_1_229' title='bbox 894 3395 1021 3463; x_wconf 87' lang='lat' dir='ltr'><strong>scriptam</strong></span> <span class='ocrx_word' id='word_1_230' title='bbox 1041 3416 1125 3464; x_wconf 84' lang='lat' dir='ltr'><strong>super</strong></span> <span class='ocrx_word' id='word_1_231' title='bbox 1142 3417 1175 3454; x_wconf 89' lang='lat' dir='ltr'><strong>co</strong></span> <span class='ocrx_word' id='word_1_232' title='bbox 1199 3416 1263 3466; x_wconf 90' lang='lat' dir='ltr'><strong>pro·</strong></span> 
     </span>
     <span class='ocr_line' id='line_1_32' title="bbox 165 3489 1261 3555; baseline 0.002 -11"><span class='ocrx_word' id='word_1_233' title='bbox 165 3497 321 3546; x_wconf 87' lang='lat' dir='ltr'><strong>missionem</strong></span> <span class='ocrx_word' id='word_1_234' title='bbox 341 3497 428 3544; x_wconf 81' lang='lat' dir='ltr'><strong>datam</strong></span> <span class='ocrx_word' id='word_1_235' title='bbox 447 3494 545 3554; x_wconf 84' lang='lat' dir='ltr'><strong>fuisse,</strong></span> <span class='ocrx_word' id='word_1_236' title='bbox 566 3509 597 3543; x_wconf 91' lang='lat' dir='ltr'><strong>se</strong></span> <span class='ocrx_word' id='word_1_237' title='bbox 616 3499 679 3555; x_wconf 90' lang='lat' dir='ltr'><strong>post</strong></span> <span class='ocrx_word' id='word_1_238' title='bbox 697 3489 799 3553; x_wconf 81' lang='lat' dir='ltr'><strong>aliquot</strong></span> <span class='ocrx_word' id='word_1_239' title='bbox 818 3507 904 3542; x_wconf 89' lang='lat' dir='ltr'><strong>anuos</strong></span> <span class='ocrx_word' id='word_1_240' title='bbox 931 3493 1020 3542; x_wconf 86' lang='lat' dir='ltr'><strong>omnia</strong></span> <span class='ocrx_word' id='word_1_241' title='bbox 1037 3499 1114 3544; x_wconf 90' lang='lat' dir='ltr'><strong>matr.</strong></span> <span class='ocrx_word' id='word_1_242' title='bbox 1134 3494 1214 3544; x_wconf 86' lang='lat' dir='ltr'><strong>mixta</strong></span> <span class='ocrx_word' id='word_1_243' title='bbox 1232 3495 1261 3547; x_wconf 91' lang='lat' dir='ltr'><strong>in</strong></span> 
     </span>
     <span class='ocr_line' id='line_1_33' title="bbox 165 3582 1262 3647; baseline 0.001 -10"><span class='ocrx_word' id='word_1_244' title='bbox 165 3586 291 3639; x_wconf 79' lang='lat' dir='ltr'><strong>Ecclesia</strong></span> <span class='ocrx_word' id='word_1_245' title='bbox 309 3587 487 3638; x_wconf 87' lang='lat' dir='ltr'><strong>benedicendi</strong></span> <span class='ocrx_word' id='word_1_246' title='bbox 514 3582 668 3635; x_wconf 85' lang='lat' dir='ltr'><strong>facultatem</strong></span> <span class='ocrx_word' id='word_1_247' title='bbox 687 3585 811 3647; x_wconf 86' lang='lat' dir='ltr'><strong>parochis</strong></span> <span class='ocrx_word' id='word_1_248' title='bbox 840 3598 1030 3635; x_wconf 85' lang='lat' dir='ltr'><strong>concessuros.</strong></span> <span class='ocrx_word' id='word_1_249' title='bbox 1057 3585 1131 3636; x_wconf 81' lang='lat' dir='ltr'><strong>Hace</strong></span> <span class='ocrx_word' id='word_1_250' title='bbox 1158 3587 1262 3638; x_wconf 83' lang='lat' dir='ltr'><strong>diacre·</strong></span> 
     </span>
     <span class='ocr_line' id='line_1_34' title="bbox 165 3675 1263 3746; baseline -0.001 -16"><span class='ocrx_word' id='word_1_251' title='bbox 165 3677 257 3742; x_wconf 84' lang='lat' dir='ltr'><strong>pantia</strong></span> <span class='ocrx_word' id='word_1_252' title='bbox 275 3683 308 3728; x_wconf 87' lang='lat' dir='ltr'><strong>ab</strong></span> <span class='ocrx_word' id='word_1_253' title='bbox 334 3677 460 3746; x_wconf 84' lang='lat' dir='ltr'><strong>originali</strong></span> <span class='ocrx_word' id='word_1_254' title='bbox 485 3679 682 3739; x_wconf 87' lang='lat' dir='ltr'><strong>instructione,</strong></span> <span class='ocrx_word' id='word_1_255' title='bbox 703 3691 781 3738; x_wconf 84' lang='lat' dir='ltr'><strong>quam</strong></span> <span class='ocrx_word' id='word_1_256' title='bbox 800 3678 828 3726; x_wconf 93' lang='lat' dir='ltr'><strong>in</strong></span> <span class='ocrx_word' id='word_1_257' title='bbox 847 3690 932 3727; x_wconf 88' lang='lat' dir='ltr'><strong>sensu</strong></span> <span class='ocrx_word' id='word_1_258' title='bbox 959 3675 1158 3727; x_wconf 74' lang='lat' dir='ltr'><strong>craventionts</strong></span> <span class='ocrx_word' id='word_1_259' title='bbox 1176 3676 1263 3729; x_wconf 85' lang='lat' dir='ltr'><strong>Bero-</strong></span> 
     </span>
     <span class='ocr_line' id='line_1_35' title="bbox 150 3767 1262 3834; baseline 0.001 -14"><span class='ocrx_word' id='word_1_260' title='bbox 150 3769 280 3823; x_wconf 67' lang='lat' dir='ltr'><strong>eltnensis</strong></span> <span class='ocrx_word' id='word_1_261' title='bbox 300 3773 431 3834; x_wconf 85' lang='lat' dir='ltr'><strong>Episcopi</strong></span> <span class='ocrx_word' id='word_1_262' title='bbox 450 3769 490 3820; x_wconf 89' lang='lat' dir='ltr'><strong>iili</strong></span> <span class='ocrx_word' id='word_1_263' title='bbox 515 3768 606 3833; x_wconf 85' lang='lat' dir='ltr'><strong>reipsa</strong></span> <span class='ocrx_word' id='word_1_264' title='bbox 625 3773 658 3819; x_wconf 91' lang='lat' dir='ltr'><strong>ad</strong></span> <span class='ocrx_word' id='word_1_265' title='bbox 684 3767 810 3819; x_wconf 82' lang='lat' dir='ltr'><strong>vicarios</strong></span> <span class='ocrx_word' id='word_1_266' title='bbox 838 3769 1012 3830; x_wconf 87' lang='lat' dir='ltr'><strong>dimiserunt,</strong></span> <span class='ocrx_word' id='word_1_267' title='bbox 1039 3768 1174 3830; x_wconf 84' lang='lat' dir='ltr'><strong>permovit</strong></span> <span class='ocrx_word' id='word_1_268' title='bbox 1200 3783 1262 3821; x_wconf 86' lang='lat' dir='ltr'><strong>eos-</strong></span> 
     </span>
     <span class='ocr_line' id='line_1_36' title="bbox 164 3859 1262 3924; baseline -0.003 -8"><span class='ocrx_word' id='word_1_269' title='bbox 164 3867 243 3917; x_wconf 75' lang='lat' dir='ltr'><strong>dem:</strong></span> <span class='ocrx_word' id='word_1_270' title='bbox 261 3871 292 3914; x_wconf 90' lang='lat' dir='ltr'><strong>ut</strong></span> <span class='ocrx_word' id='word_1_271' title='bbox 314 3865 341 3914; x_wconf 90' lang='lat' dir='ltr'><strong>in</strong></span> <span class='ocrx_word' id='word_1_272' title='bbox 360 3863 476 3913; x_wconf 86' lang='lat' dir='ltr'><strong>laudatis</strong></span> <span class='ocrx_word' id='word_1_273' title='bbox 504 3864 728 3924; x_wconf 83' lang='lat' dir='ltr'><strong>Ephemeridibus</strong></span> <span class='ocrx_word' id='word_1_274' title='bbox 746 3863 797 3912; x_wconf 83' lang='lat' dir='ltr'><strong>No.</strong></span> <span class='ocrx_word' id='word_1_275' title='bbox 816 3861 878 3912; x_wconf 78' lang='lat'><strong>123.</strong></span> <span class='ocrx_word' id='word_1_276' title='bbox 896 3875 922 3924; x_wconf 91' lang='lat' dir='ltr'><strong>p.</strong></span> <span class='ocrx_word' id='word_1_277' title='bbox 949 3860 1028 3912; x_wconf 70' lang='grc'><strong><em>10211.</em></strong></span> <span class='ocrx_word' id='word_1_278' title='bbox 1047 3862 1180 3912; x_wconf 83' lang='lat' dir='ltr'><strong>adversus</strong></span> <span class='ocrx_word' id='word_1_279' title='bbox 1198 3859 1262 3913; x_wconf 79' lang='lat' dir='ltr'><strong>vui-</strong></span> 
     </span>
     <span class='ocr_line' id='line_1_37' title="bbox 163 3953 1262 4023; baseline -0.002 -15"><span class='ocrx_word' id='word_1_280' title='bbox 163 3964 252 4023; x_wconf 76' lang='lat' dir='ltr'><strong>gataur</strong></span> <span class='ocrx_word' id='word_1_281' title='bbox 272 3955 461 4022; x_wconf 86' lang='lat' dir='ltr'><strong>„disciplinam</strong></span> <span class='ocrx_word' id='word_1_282' title='bbox 481 3953 625 4006; x_wconf 81' lang='lat' dir='ltr'><strong>areanam”</strong></span> <span class='ocrx_word' id='word_1_283' title='bbox 644 3961 777 4015; x_wconf 87' lang='lat' dir='ltr'><strong>tamquam</strong></span> <span class='ocrx_word' id='word_1_284' title='bbox 797 3956 985 4004; x_wconf 87' lang='lat' dir='ltr'><strong>documentum</strong></span> <span class='ocrx_word' id='word_1_285' title='bbox 1004 3956 1181 4014; x_wconf 68' lang='lat' dir='ltr'><strong>apocrypham</strong></span> <span class='ocrx_word' id='word_1_286' title='bbox 1197 3969 1262 4019; x_wconf 85' lang='lat' dir='ltr'><strong>pro·</strong></span> 
     </span>
     <span class='ocr_line' id='line_1_38' title="bbox 90 4038 1260 4108; baseline 0.001 -10"><span class='ocrx_word' id='word_1_287' title='bbox 90 4038 94 4045; x_wconf 72' lang='grc'><strong>’</strong></span> <span class='ocrx_word' id='word_1_288' title='bbox 163 4053 336 4100; x_wconf 88' lang='lat' dir='ltr'><strong>testarentur.</strong></span> <span class='ocrx_word' id='word_1_289' title='bbox 355 4050 399 4100; x_wconf 81' lang='lat' dir='ltr'><strong>Gi.</strong></span> <span class='ocrx_word' id='word_1_290' title='bbox 417 4049 636 4098; x_wconf 75' lang='lat' dir='ltr'><strong>Schuetsera&#39;scte</strong></span> <span class='ocrx_word' id='word_1_291' title='bbox 650 4047 884 4106; x_wconf 68' lang='lat' dir='ltr'><strong>mtrctenzeuuna.</strong></span> <span class='ocrx_word' id='word_1_292' title='bbox 902 4047 1019 4096; x_wconf 69' lang='lat' dir='ltr'><strong>Maera.</strong></span> <span class='ocrx_word' id='word_1_293' title='bbox 1037 4042 1128 4100; x_wconf 72' lang='grc'><strong><em>1887.</em></strong></span> <span class='ocrx_word' id='word_1_294' title='bbox 1146 4063 1172 4108; x_wconf 77' lang='lat' dir='ltr'><strong>p.</strong></span> <span class='ocrx_word' id='word_1_295' title='bbox 1190 4044 1260 4099; x_wconf 75' lang='lat'><strong>104.</strong></span> 
     </span>
    </p>

    <p class='ocr_par' dir='ltr' id='par_1_6' title="bbox 146 4137 1262 4389">
     <span class='ocr_line' id='line_1_39' title="bbox 198 4137 1262 4204; baseline -0.003 -12"><span class='ocrx_word' id='word_1_296' title='bbox 198 4137 268 4204; x_wconf 67' lang='lat'>493)</span> <span class='ocrx_word' id='word_1_297' title='bbox 288 4138 444 4192; x_wconf 79' lang='lat' dir='ltr'><strong>Pastoraies</strong></span> <span class='ocrx_word' id='word_1_298' title='bbox 470 4138 564 4190; x_wconf 87' lang='lat' dir='ltr'><strong>literas</strong></span> <span class='ocrx_word' id='word_1_299' title='bbox 592 4140 791 4202; x_wconf 81' lang='lat' dir='ltr'><strong>Episcoporuru</strong></span> <span class='ocrx_word' id='word_1_300' title='bbox 816 4152 915 4190; x_wconf 88' lang='lat' dir='ltr'><strong>severo</strong></span> <span class='ocrx_word' id='word_1_301' title='bbox 938 4138 1052 4190; x_wconf 85' lang='lat' dir='ltr'><strong>examini</strong></span> <span class='ocrx_word' id='word_1_302' title='bbox 1080 4139 1196 4192; x_wconf 87' lang='lat' dir='ltr'><strong>subiecit</strong></span> <span class='ocrx_word' id='word_1_303' title='bbox 1213 4152 1262 4190; x_wconf 87' lang='lat' dir='ltr'><strong>au-</strong></span> 
     </span>
     <span class='ocr_line' id='line_1_40' title="bbox 146 4230 1259 4329; baseline -0.002 -44"><span class='ocrx_word' id='word_1_304' title='bbox 146 4240 222 4298; x_wconf 83' lang='lat' dir='ltr'><strong>¹otor</strong></span> <span class='ocrx_word' id='word_1_305' title='bbox 248 4231 326 4284; x_wconf 89' lang='lat' dir='ltr'><strong>libri·</strong></span> <span class='ocrx_word' id='word_1_306' title='bbox 352 4234 478 4294; x_wconf 74' lang='lat' dir='ltr'><strong>Bettrciue</strong></span> <span class='ocrx_word' id='word_1_307' title='bbox 506 4245 555 4282; x_wconf 72' lang='lat' dir='ltr'><strong>aar</strong></span> <span class='ocrx_word' id='word_1_308' title='bbox 581 4231 846 4294; x_wconf 69' lang='lat' dir='ltr'><strong>Ktrcmnaesoatctte</strong></span> <span class='ocrx_word' id='word_1_309' title='bbox 874 4232 921 4282; x_wconf 77' lang='lat' dir='ltr'><strong>dea</strong></span> <span class='ocrx_word' id='word_1_310' title='bbox 949 4231 1027 4282; x_wconf 80' lang='lat' dir='ltr'><strong>XIX.</strong></span> <span class='ocrx_word' id='word_1_311' title='bbox 1056 4230 1259 4329; x_wconf 77' lang='lat' dir='ltr'><strong>Jatrtaadertr.</strong></span> 
     </span>
     <span class='ocr_line' id='line_1_41' title="bbox 163 4320 594 4395; baseline -0.005 -17"><span class='ocrx_word' id='word_1_312' title='bbox 163 4320 547 4395; x_wconf 69' lang='lat' dir='ltr'><strong>Aspabota.1835.p.1.99</strong></span> <span class='ocrx_word' id='word_1_313' title='bbox 565 4324 594 4386; x_wconf 70' lang='lat' dir='ltr'><strong>ff.</strong></span> 
     </span>
    </p>
   </div>
   <div class='ocr_carea' id='block_1_5' title="bbox 0 0 1415 4838">
    <p class='ocr_par' dir='ltr' id='par_1_7' title="bbox 0 0 1415 4838">
     <span class='ocr_line' id='line_1_42' title="bbox 0 0 1415 4838; baseline 0 0"><span class='ocrx_word' id='word_1_314' title='bbox 0 0 1415 4838; x_wconf 95' lang='lat' dir='ltr'><strong> </strong></span> 
     </span>
    </p>
   </div>
  </div>
 </body>
</html>
