2798 4838
548 246 820 338 ,ηκο-

152 395 219 459 nit:
249 393 425 474 parochum
455 390 614 455 abstinere
645 390 807 460 deberes
837 390 950 469 quovis
981 396 1074 470 actu,
1105 408 1170 472 quo
1202 364 1296 452 illuu'

18 483 30 563 J
88 547 94 556 .
130 501 335 582 ·approbare
363 497 547 577 videretur,
584 498 618 558 in
647 497 755 578 specie
786 502 892 569 autem
922 515 941 557 a
971 491 1279 575 proclamationibus

67 661 70 671 .
108 635 110 642 ·
154 605 356 669 matrimonio
378 602 641 689 praemittendis,
671 608 703 665 et
732 599 1005 664 dimissorialibus
1032 601 1140 663 literis
1173 619 1281 662 conce·

94 760 97 765 .
155 707 281 775 dendls.
310 708 348 782 d)
374 712 517 790 Denique
539 715 628 789 matr.
642 708 737 769 mixta
759 688 843 769 inter
872 713 996 789 partem
1026 689 1226 776 catholicam
1255 710 1282 767 et

155 816 367 895 haereticam,
399 815 489 875 cuius
522 816 637 876 coniux
668 815 826 875 sententia
849 812 937 875 civili
967 810 1135 876 avincula
1162 809 1280 874 solutus

156 920 262 986 adhuc
290 923 325 983 ln
355 919 434 981 vivis
467 927 630 1002 superstes
668 929 735 1000 est,
770 939 834 981 non
866 925 989 981 tantum
1019 917 1135 979 illicita
1170 917 1230 980 sed
1256 921 1282 977 et

156 1025 246 1095 nulla
274 1045 313 1088 ac
340 1023 522 1089 adulterina
552 1025 621 1088 iore
652 1024 766 1105 docet,
797 1045 856 1086 nec
886 1023 981 1087 aliter
1002 1023 1093 1086 licite
1122 1021 1209 1084 tales
1231 1041 1281 1083 nu·

158 1135 245 1219 ptias
266 1131 342 1194 iniri
364 1150 479 1216 posse,
511 1152 606 1212 quam
634 1132 663 1193 si
695 1132 842 1193 obstante
872 1132 1024 1192 canonico
1054 1130 1208 1210 quopiam
1229 1129 1280 1188 irn-

79 1224 82 1241 ζ
159 1238 364 1323 pedimento,
387 1257 543 1317 causaque
565 1256 624 1315 per
642 1236 786 1298 Judicem
803 1234 1069 1298 Ecclesiasticum
1087 1233 1127 1295 ad
1146 1253 1280 1296 norman

161 1345 221 1408 SS.
257 1344 418 1416 Ganonum
450 1343 597 1424 cognita,
635 1343 726 1425 prius
754 1343 991 1404 matrimonium
1027 1339 1153 1402 nullum
1188 1338 1304 1401 fuisse'

161 1441 465 1521 ostenderetur.⁴²²)

650 1620 685 1714 s.
715 1620 801 1691 raa.

161 1757 361 1833 Episcopi
381 1757 516 1816 Breve
545 1760 834 1830 apostolieum
855 1755 977 1815 vieno
1001 1757 1160 1815 murato
1180 1769 1280 1814 com·

163 1850 404 1909 manicanti
430 1851 505 1908 sed
522 1851 730 1920 Regnum
760 1851 836 1908 illo
855 1849 1028 1907 minime
1046 1852 1280 1908 contentum

164 1943 268 2013 rust,
304 1941 586 2015 Episcopique
619 1944 759 2001 denuo
796 1945 852 2001 ad
881 1943 1026 2000 sedem
1055 1944 1280 1999 Romanam

103 2025 106 2028 ⁴
166 2047 295 2106 scopo
308 2033 563 2094 obtinendae
578 2035 763 2094 mitioris
780 2034 1057 2093 resolutionis
1067 2041 1280 2094 recurrere

602 2130 854 2186 donnes-unt.

215 2370 219 2380 Ι
269 2287 508 2369 Quamprimum
538 2278 706 2370 Episcopi
726 2291 825 2351 Breve
866 2289 1070 2351 Pontificlum
1109 2285 1280 2348 emanibus
1320 2254 1322 2312 l

165 2393 376 2457 Nuntiaturae
386 2393 589 2455 Monacensis
611 2402 819 2476 receperunt:
841 2394 875 2455 id
898 2394 939 2456 ad
962 2394 1106 2456 notitiam
1131 2391 1221 2455 Cleri
1230 2391 1281 2452 (lu-
1320 2392 1322 2397 '

167 2499 232 2563 rati
253 2498 415 2579 perferre,
441 2499 532 2578 eique
555 2498 750 2560 conformem
774 2502 1017 2562 instructionem
1053 2501 1130 2561 dare
1163 2498 1283 2559 festina·

167 2612 252 2669 runt.
275 2607 411 2667 Constat
438 2604 473 2665 id
496 2605 683 2666 nominatim
713 2605 752 2666 de
775 2606 940 2671 vicariatu
962 2610 1215 2693 Eicdstdttcttaa'2
1240 2600 1283 2678 qui

168 2712 204 2774 in
227 2731 324 2774 sensu
333 2711 446 2771 Brevis
470 2710 612 2779 dimissis
625 2711 841 2774 Circularibus
863 2711 970 2774 literis
993 2711 1195 2774 malamina
1211 2703 1285 2769 haud

60 2843 66 2849 ·
169 2816 265 2880 aliter
285 2818 318 2878 in
340 2814 490 2878 Ecclesia
511 2814 702 2896 proclamari
731 2818 935 2898 copularique
964 2817 1013 2879 vel
1043 2819 1128 2896 parti
1160 2810 1286 2876 catholi-

171 2943 228 2987 cae
249 2922 360 2984 literas
384 2922 617 2984 dimissoriales
641 2923 802 2985 extradari
827 2923 977 3002 admisit,
1011 2943 1103 3002 quam
1127 2924 1288 2983 obtentae

172 3028 307 3110 Sponsis
329 3028 540 3109 promissione
565 3028 604 3090 de
628 3027 774 3108 prolibus
799 3029 958 3091 catholice
984 3027 1182 3109 educandis,
1211 3027 1288 3086 insu·

171 3153 232 3214 per
253 3151 363 3194 omnes
386 3152 479 3194 casus
500 3136 668 3196 mixtarum
690 3136 873 3214 nuptiarum
896 3137 960 3198 sibi
977 3135 1095 3196 referri
1109 3126 1289 3203 iussit⁴²⁸);

173 3257 272 3321 porro
296 3236 336 3299 de
358 3236 524 3301 Vicariatu
549 3243 823 3319 Wirceburperest‚
853 3240 939 3302 idem
970 3239 1065 3319 plane
1095 3258 1168 3300 cum
1198 3231 1289 3318 priori

173 3343 229 3406 dd.
251 3349 304 3406 20.
326 3342 423 3406 Mart.
450 3349 541 3407 1838.
581 3345 767 3429 disponente
787 3341 872 3423 4²4);
904 3351 937 3407 et
965 3345 1004 3409 de
1035 3346 1202 3426 Episcopo
1225 3342 1289 3418 Spl-

173 3455 284 3533 renai,
303 3450 361 3532 ‚qui
381 3449 487 3512 literis
510 3450 551 3513 de
573 3458 624 3513 22.
646 3450 750 3531 April.
772 3456 863 3513 1833.
888 3452 1039 3533 parochis
1062 3453 1130 3513 suis
1153 3452 1189 3512 id
1210 3467 1288 3532 prae-

155 3558 289 3642 primis
311 3558 566 3636 commendavit,
599 3563 632 3618 ut
661 3559 748 3618 omni
768 3557 911 3619 adhibita
934 3556 1092 3638 pastorali
1114 3556 1286 3637 prudentie,

179 3665 340 3744 vitataque
364 3666 550 3746 coactione,
581 3682 719 3744 sponsos
741 3663 783 3725 ad
805 3664 1051 3745 promissionem
1074 3683 1173 3746 super
1195 3661 1287 3725 catino

176 3765 240 3831 lica
262 3767 402 3851 prolium
425 3769 612 3832 educatione
638 3767 827 3832 eliciendam
848 3770 1023 3850 perducant
1040 3765 1127 3847 l²⁵);
1149 3767 1191 3831 de
1208 3767 1286 3832 Diue-

250 4019 317 4085 122)
336 4025 424 4075 dion.
443 4024 504 4078 168.
524 4039 586 4091 pag.
609 4023 670 4075 212.

250 4109 316 4178 tte)
337 4118 427 4168 Mon.
447 4115 507 4168 169.
527 4132 589 4183 pag.
613 4102 677 4168 218.

226 4220 229 4224 ’
251 4203 318 4269 liti)
337 4209 428 4259 Mon.
447 4207 507 4259 170.
527 4223 589 4275 pag.
612 4208 674 4259 219.

165 4367 167 4372 .
243 4294 318 4388 xitt)
337 4301 427 4351 Mon.
448 4301 508 4353 171.
528 4315 589 4367 pag.
610 4300 670 4352 220.
734 4352 738 4365 ,
