2798 4838
581 242 847 352 ss-aea-s

623 509 660 601 e.
689 512 775 583 raa.

130 648 399 724 ostenditur·
417 649 750 708 {astructionem
767 653 879 711 hene
907 654 1118 710 secretana
1136 620 1264 712 Brevi

336 737 577 815 apostolico
594 756 777 814 prorsus
806 740 1061 818 repugnare.

235 904 481 966 instructionem
505 911 659 966 secretam
678 903 823 994 Berolini
845 913 1066 989 praeparatam
1084 907 1189 966 minus
1207 901 1265 966 ad-

133 1011 213 1089 hue,
239 1030 335 1090 quam
358 1011 461 1090 ipsam
481 1012 749 1091 Conventionem,
771 1014 866 1075 Brevi
889 991 1044 1077 I’IIVIII.
1071 1011 1265 1093 consentire,

132 1118 234 1197 primo
258 1117 370 1176 ohtutu
401 1117 501 1178 cuivis
533 1124 631 1195 patet.
671 1118 848 1200 Praecipua
880 1117 983 1181 solum
1012 1138 1137 1199 pugnae
1168 1117 1265 1179 huius

135 1225 240 1303 capita
264 1222 462 1284 exhibemus.
503 1229 531 1284 l.
556 1225 590 1285 ln
613 1225 708 1284 Brevi
736 1221 857 1286 nullum
890 1232 940 1288 est
967 1226 1158 1306 vestlgium,
1188 1241 1265 1305 per·

135 1330 357 1390 tractationem
380 1330 550 1390 mixtorum
582 1330 856 1392 matrimoniorum
878 1331 1035 1393 Parochis
1064 1330 1267 1393 committen-

138 1435 206 1495 dam
231 1436 359 1510 venire;
390 1435 455 1497 lmo
479 1434 573 1496 Sedis
596 1433 804 1516 Apostolieae
834 1422 959 1518 semper
990 1457 1026 1499 ea
1049 1443 1118 1499 erat
1138 1440 1268 1498 senten·

137 1544 196 1621 tia,
227 1543 404 1602 novissime
427 1543 459 1602 in
483 1539 684 1622 Apostolieis
716 1540 818 1605 literis
843 1543 993 1624 Gregorii
1015 1541 1100 1606 XVI.
1124 1540 1165 1603 ad
1186 1540 1267 1622 upi-

138 1668 252 1730 seopos
275 1647 430 1736 Bavariae
454 1665 623 1727 expressa:
655 1655 690 1708 ut
712 1669 771 1729 pro
803 1646 948 1729 quolibet
978 1668 1055 1710 casu
1085 1648 1177 1709 mixti
1198 1666 1266 1708 ma·

87 1771 89 1776 ·
137 1755 279 1816 trimonii
304 1752 512 1833 dispensatio.
534 1772 552 1812 a
577 1752 659 1813 Sede
682 1753 873 1833 Apostolica
903 1761 1039 1836 petatur.
1073 1758 1102 1814 2.
1123 1749 1267 1814 Nullate·

87 1867 89 1871 ’
137 1882 192 1922 nus
215 1859 440 1940 pervidemus,
465 1877 526 1940 quo
550 1857 757 1920 fundamento
780 1861 813 1920 in
834 1861 1046 1921 instructione
1069 1850 1201 1922 secreta
1215 1877 1268 1922 an·

139 1974 276 2029 seratur:
309 1963 515 2045 disciplinam
537 1962 704 2026 Ideelesiae
728 1965 835 2046 quoad
856 1972 947 2030 matr.
967 1967 1066 2028 mlxta
1086 1984 1145 2048 per
1165 1966 1267 2033 Breve

138 2073 186 2133 Pii
208 2072 295 2136 VIII.
328 2073 428 2152 usque'
460 2069 541 2131 adeo
571 2071 748 2150 mitigatam
778 2091 869 2151 esse,
909 2077 944 2132 ut
973 2070 1091 2134 Edicto
1122 2072 1163 2134 B.
1194 2070 1269 2133 anni

141 2184 230 2240 1825.
254 2175 348 2256 plene
378 2178 686 2257 satisfieri=possit3
716 2196 786 2237 curn
807 2178 917 2256 potius
949 2177 1096 2241 Summus
1118 2175 1269 2252 Pontifex
1327 2173 1331 2188 ⁴

138 2286 169 2346 in
189 2286 284 2345 Brevi
315 2283 433 2344 diserte
466 2302 559 2343 suum
589 2279 734 2343 dolorem
765 2282 939 2362 exprimat:
971 2282 1057 2363 quod
1087 2284 1269 2367 Episcopos

140 2410 175 2452 ex
196 2391 375 2470 angustiis,
398 2390 513 2468 quibus
536 2394 741 2469 premuntur,
773 2390 902 2468 penitus
934 2390 1073 2451 eximere
1105 2387 1193 2452 haud
1215 2409 1270 2452 va·

138 2494 254 2576 IuerIt‚
285 2497 363 2557 item
386 2494 472 2575 quod
492 2495 566 2556 'sibi
588 2513 788 2575 nequaquam
817 2492 916 2555 liceat
946 2513 983 2555 ea
1006 2497 1113 2557 omnia
1133 2493 1269 2577 permit-

137 2610 221 2682 tere,
254 2622 335 2683 quae
358 2599 400 2662 ad
423 2602 642 2661 executionem
662 2598 746 2681 legis
768 2598 858 2662 illius
881 2599 1103 2682 postulantur,
1135 2601 1269 2682 ipseque

139 2705 298 2787 confidat,
323 2708 480 2768 Sereniss.
504 2707 602 2785 RegIs
625 2703 829 2767 Maiestatem
850 2706 1024 2786 Bpiscopis
1049 2725 1111 2766 non
1136 2724 1270 2770 succen-

140 2835 261 2895 surmn,
294 2815 323 2875 si
344 2812 448 2874 eidem
469 2813 503 2872 in
526 2813 621 2872 rebus
636 2808 790 2872 'eivtlihus
814 2811 979 2872 exanimo
1002 2809 1270 2894 obsecundantes,

139 2924 169 2982 in
187 2923 229 2982 iis
249 2929 368 2998 tamen,
393 2939 473 2999 quae
494 2919 599 2995 ipsam
623 2916 817 2978 matrimonii
840 2916 1043 2978 sanctitatem
1062 2921 1094 2978 et
1111 2914 1269 2996 religiosa

141 3028 249 3089 officia
280 3028 450 3105 coniugum
482 3028 694 3101 concernunt,
727 3040 835 3083 sacras
867 3019 1048 3102 Religionis
1081 3020 1270 3087 catholicae

139 3132 267 3214 regulas
300 3130 492 3192 custodiant.
534 3135 563 3191 3.
589 3131 656 3208 Ba,
686 3149 765 3208 quae
795 3126 835 3190 de
864 3129 1050 3191 assistentia
1080 3130 1208 3210 passIva
1235 3129 1271 3190 in

87 3305 90 3318 ,
142 3240 352 3301 Instructione
374 3244 498 3298 secreta
521 3234 689 3314 dicuntur,
712 3233 790 3296 talia
813 3239 907 3314 sunt,
930 3254 1009 3314 quae
1031 3243 1173 3298 amente
1196 3253 1270 3301 sen·

87 3333 92 3407 ι’
145 3365 241 3426 suque
263 3345 375 3405 Brevis
399 3363 491 3422 quam
513 3343 647 3402 maxIme
670 3321 833 3403 aberrant:
864 3360 937 3402 nam
958 3341 1047 3403 iuxta
1070 3361 1197 3404 sensum
1218 3341 1272 3404 ln·

87 3485 89 3488 -
148 3451 327 3512 structionis
351 3469 443 3511 casus
466 3449 612 3528 passivae
635 3446 927 3509 assistentiae'fere
949 3467 1117 3527 numquam
1146 3447 1271 3511 evenIre

87 3547 91 3612 ζ’
149 3563 264 3634 potest,
288 3575 360 3616 cum
381 3552 433 3615 vel
454 3554 525 3634 ipsa
548 3552 670 3615 decisio
694 3553 734 3614 de
757 3573 815 3632 eo,
847 3573 922 3614 num
943 3573 1019 3635 pars
1041 3551 1199 3614 catholica
1221 3557 1270 3614 te·

152 3679 226 3724 mere
250 3683 287 3724 ac
306 3661 494 3723 contemtIve
508 3677 579 3723 oum
600 3656 747 3721 Boclesia
767 3664 851 3738 agat,
874 3658 1006 3720 arbitrio
1023 3657 1157 3739 parochi
1175 3654 1270 3740 plene

154 3766 254 3832 relicta
277 3771 331 3830 sit.
342 3762 408 3839 489)

157 3972 393 3994 w·-

214 4129 281 4195 I89)
300 4132 361 4182 Vid.
381 4132 456 4180 Sion.
476 4130 619 4190 elevatura.
639 4127 727 4179 1837.
748 4143 773 4186 ν.
794 4124 881 4178 mee.
895 4128 926 4188 ff.
