2798 4838
582 204 811 278 -lto—

137 352 279 416 fossione
306 349 408 436 patris
439 347 567 412 educari
597 348 713 433 iussit,
742 349 947 428 omnibusque
979 348 1198 414 contractibus
1226 357 1263 414 et

136 458 239 540 pactis
260 457 293 518 in
316 458 485 520 obversum
499 453 648 519 ineundis
673 455 735 517 vim
752 450 943 534 obligantem
959 452 1099 536 ademit,
1119 452 1165 518 ari
1179 454 1255 518 Pro-

135 564 257 626 vincias
278 558 686 642 unananoWesqualrcas
716 578 790 623 mox
818 563 893 638 post
922 566 1104 642 susceptum
1136 579 1252 625 aarum·

137 666 209 731 dem
230 669 371 749 regimen
392 666 478 732 hausi
501 665 696 729 extenderit:
733 685 771 728 ex
800 672 892 746 parte
922 665 1133 729 nihilominus
1164 653 1249 748 liegii

136 773 309 836 Ministerii
331 769 549 853 compluribus
571 773 693 834 vicibus
718 773 958 852 praeparatoria
989 777 1177 836 emanarunt
1196 773 1247 834 Ιιι
1281 828 1285 845 ,

122 880 278 962 ,ιιιίριὴ
297 876 333 939 id
355 876 476 940 diserte
496 878 719 959 prohibentia,
742 885 777 940 ut
798 879 931 959 parochi
944 874 1097 941 catholici
1119 897 1139 940 a
1162 894 1246 959 spon·

138 985 184 1046 sis
206 983 438 1065 promissiones
471 981 511 1044 de
540 980 698 1045 catholica
728 984 868 1045 omnium
897 980 1038 1063 prolium
1067 981 1245 1045 educatione
1283 1004 1285 1025 ²

138 1090 265 1170 exigere
287 1088 352 1152 sibi
372 1071 512 1152 caveant.
536 1090 616 1151 Cum
638 1089 807 1168 Rescripta
837 1089 931 1151 huius
961 1089 1089 1172 generis
1121 1087 1244 1152 Ordine
1280 1082 1285 1137 ἶ

136 1195 238 1256 riatus
260 1193 292 1254 in
316 1213 378 1255 non
399 1191 485 1256 leves
517 1195 711 1257 coniicerent
740 1195 913 1258 anxietates
945 1203 978 1256 et
1007 1192 1244 1276 perplexitates:
1273 1196 1285 1205 ““

136 1304 249 1361 contra
280 1296 391 1362 eadem
413 1298 506 1385 ,apud
535 1300 668 1380 Regiam
691 1301 894 1362 Maiestatem
924 1305 1166 1381 repraesentare
1195 1318 1245 1363 nos
1280 1342 1285 1377 r

4 1446 7 1452 ·
48 1482 53 1490 ι
136 1400 354 1485 neglexerunt
378 1405 517 1468 i‘raeirit
538 1405 653 1467 ceteris
675 1405 694 1467 J
703 1405 887 1486 osephus
915 1405 1130 1483 Hommer,
1162 1406 1246 1468 Dioe
1282 1392 1285 1429 ³

136 1511 220 1572 cesis
243 1509 528 1573 Trevirensis
543 1509 691 1574 Vicarius
710 1513 993 1574 Elrrenhreitatciot
1012 1509 1183 1573 residens:
1204 1509 1247 1590 qui

135 1613 232 1679 simul
255 1613 340 1678 datis
362 1621 414 1679 28.
436 1615 565 1679 Jannar.
592 1620 683 1677 1817.
706 1613 748 1677 ad
778 1615 941 1678 Summum
971 1616 1164 1679 Pontificem
1186 1613 1248 1676 lite·
1281 1644 1285 1673 i

129 1722 202 1801 ris,
225 1720 339 1784 damna
368 1727 401 1784 et
429 1719 650 1800 incommoda,
680 1740 761 1802 quae
789 1723 823 1782 iu
854 1741 913 1783 suo
935 1720 1100 1786 Vicariatu
1129 1718 1247 1802 uuqu

136 1823 305 1889 Catholica
325 1832 458 1908 propter
488 1825 605 1890 Edicta
639 1826 738 1907 Regia
765 1826 798 1889 in
828 1828 943 1888 merito
972 1827 1143 1890 mixtorum
1167 1831 1246 1889 matr.

134 1929 258 2014 perlata
285 1933 495 2014 patiebatur,
530 1933 697 2014 exposuit,
728 1931 843 2011 quidve
874 1932 938 1993 sibi
967 1930 1123 2012 agendum
1153 1936 1246 2008 esset,

133 2037 270 2117 inviari,
292 2057 329 2101 ac
359 2039 522 2117 signanter
550 2037 585 2098 in
607 2057 645 2099 eo
675 2037 792 2099 instrui
822 2037 934 2119 petiit:
964 2057 1039 2099 num
1069 2036 1245 2100 constitutio
1276 2070 1285 2115 ς

135 2161 193 2205 ιιι
215 2139 397 2204 De'ciaratio
419 2146 581 2204 Benedicti
600 2145 688 2204 XiV.
710 2161 807 2224 super
828 2143 1039 2212 matrimoniis
1060 2143 1095 2204 in
1123 2139 1252 2205 hlothr·v
1270 2130 1285 2215 i,

135 2246 189 2308 hia
210 2243 297 2308 edita
320 2244 364 2308 ad
385 2247 565 2309 Dioecesim
597 2248 819 2310 Trevirensem
852 2248 979 2310 extendi
1010 2250 1139 2328 possit,
1162 2252 1244 2328 prost
1273 2240 1285 2295 'i

133 2350 222 2414 illam
244 2350 286 2415 ad
309 2356 454 2414 Sitesiom
476 2358 638 2417 extentam
659 2353 763 2416 fuisse
785 2345 932 2415 constat?
962 2353 1111 2416 Summus
1145 2351 1244 2416 Ponti·
1267 2364 1271 2379 ¹

134 2457 187 2520 fex
209 2457 313 2518 Pius
344 2457 429 2521 vll.
444 2477 506 2539 ope
522 2459 630 2520 chris
652 2458 692 2519 de
709 2462 760 2520 23.
774 2455 875 2538 April.
899 2463 990 2521 1817.
1011 2457 1144 2522 Vicario
1160 2460 1242 2521 Hom
1271 2496 1285 2543 3

133 2583 201 2624 mer
222 2563 420 2640 rescribens,
443 2563 592 2643 inprimis
615 2562 807 2625 declaravits
838 2562 944 2643 quod,
967 2584 1062 2645 quum
1085 2562 1192 2646 legum
1218 2566 1242 2627 n
1270 2544 1285 2643 ἶ

132 2669 288 2731 Borussia
310 2668 529 2730 sanctionibus
552 2670 655 2729 omnis
677 2669 724 2730 ris
746 2668 872 2730 ademta
894 2669 936 2730 sit
966 2670 1069 2751 pactis
1092 2671 1178 2734 circa
1203 2689 1242 2733 re·

132 2772 339 2856 ligionariam
368 2770 508 2859 prolium
538 2773 758 2835 educationem
788 2775 864 2835 iniri
894 2776 1077 2855 consuetis,
1108 2775 1242 2859 conjugit
1283 2806 1285 2811 ·

132 2880 228 2942 mixta
260 2876 349 2941 nullo
381 2876 476 2943 modo
514 2877 739 2954 cohonestari,
766 2898 880 2960 ¹neque
911 2899 1044 2943 assensu
1080 2881 1243 2946 Potestaiis
1272 2942 1282 2959 ,

133 2984 381 3052 Ecclesiasticae
403 2984 545 3065 permitti
567 2984 711 3063 possint,
735 2983 794 3046 seri
822 2985 930 3066 potius
960 2984 1123 3050 catholici
1144 2991 1184 3052 ab
1211 2984 1242 3051 il-
1274 2998 1285 3051 ἓ

131 3089 173 3151 ιιι
194 3087 420 3151 contrahendis
452 3087 637 3152 deterrendi
666 3090 740 3153 sint.
767 3090 851 3152 'i'um
881 3091 1012 3153 statuit:
1041 3093 1243 3157 matrimoniis
1273 3068 1285 3137 ἕ

131 3192 283 3274 impediri
310 3195 567 3273 nequeuntibus,
602 3195 765 3257 Parochos
797 3216 815 3257 a
843 3198 954 3275 quovis
984 3202 1057 3259 actu
1095 3199 1241 3263 abstinere

132 3299 267 3379 debere,
290 3320 308 3362 ι
331 3319 394 3380 quo
417 3300 535 3363 coniici
557 3307 687 3379 posset,
710 3319 767 3380 per
790 3319 844 3362 eos
866 3303 1067 3364 matrimonia
1088 3304 1153 3368 ista
1174 3323 1239 3386 pro·

132 3406 223 3491 bari,
245 3405 274 3467 si
294 3386 401 3466 autem
423 3402 465 3465 ad
487 3403 699 3466 assistendum
721 3405 879 3485 coniugiis
901 3405 1019 3468 talibus
1049 3407 1241 3491 impellereo·
1282 3432 1285 3455 ¹

131 3519 204 3591 tur,
227 3509 403 3592 apostolica
420 3507 571 3571 libertate
589 3508 813 3572 declarandum
829 3529 919 3590 esse,
941 3513 1008 3573 Deo
1029 3516 1138 3594 potius
1161 3531 1242 3598 quau

130 3617 311 3696 hominibus
335 3615 464 3678 obedire
486 3622 647 3696 oportere.
672 3617 718 3678 De
741 3617 926 3695 quaestione
957 3635 1055 3696 porro
1095 3621 1182 3684 circa
1200 3639 1242 3684 er·

131 3723 307 3784 tensionem
329 3721 578 3790 constitutionis
601 3719 826 3791 Benedictinae
848 3722 1016 3785 rescribite
1033 3725 1118 3788 hanc
1138 3746 1198 3789 nec
1211 3719 1245 3788 ai

131 3825 381 3905 Silesiam,·nec
407 3823 567 3887 attaliam
589 3825 766 3907 quampiam
789 3827 985 3907 provinciam
1016 3835 1178 3894 extensam
1200 3849 1245 3894 es-

131 3933 264 4017 sefsccl
284 3929 441 4011 peculiari
463 3930 591 3992 decreto
614 3929 802 4011 Apostolico
835 3931 876 3994 ad
897 3931 933 3995 iu
963 3955 1044 4015 opus
1075 3935 1160 4001 iore.
1192 3939 1252 4002 lie·

130 4057 214 4100 mum
236 4056 331 4118 super
353 4056 391 4097 eo
413 4036 542 4098 uberius
565 4034 668 4098 adhuc
689 4035 856 4098 informari
877 4034 979 4101 volarit
1000 4039 1148 4105 Summus
1169 4044 1251 4106 Pon·

128 4143 225 4206 tifex:
248 4163 288 4204 an
312 4138 491 4204 Acatholici
527 4142 560 4202 in
588 4141 737 4203 Diocaesi
767 4141 950 4206 Trevirensi
978 4165 1084 4210 reram
1114 4154 1150 4210 ιι
1178 4169 1251 4231 pro·

127 4248 230 4328 priam
251 4247 436 4309 societatem
466 4249 678 4326 constituant,
708 4248 893 4330 iuribusque
923 4250 1252 4335 civitatensem,
