2798 4838
608 255 838 333 -226-

164 398 370 466 conlormiter
391 417 484 477 agere
506 396 569 458 non
591 418 707 482 posse,
730 400 860 478 eiusque
882 398 1117 461 revocationem
1138 400 1181 461 ab
1207 400 1282 483 Epi·

164 482 263 584 scopo
286 509 398 585 petunt
419 498 495 576 447>.
518 502 637 567 Verum
657 505 839 585 Episcopus
869 506 902 564 in
934 502 1037 565 literis
1065 506 1281 586 responsoriis

163 609 234 677 dd..
254 613 281 669 7.
312 608 384 670 Jun.
417 612 509 670 1833.
559 628 726 688 eousque,
767 607 869 671 donec
907 631 927 698 a
964 608 1047 670 Sede
1095 609 1282 691 Apostoliea

105 781 107 790 ,
161 713 331 794 quidquam
353 732 411 793 pro
434 715 589 775 Bornssia
611 713 790 777 ordinatum
813 715 931 794 fucrit,
946 713 1281 792 resolutionemsuam

160 821 199 882 ab
222 840 256 882 se
280 836 477 899 nequaquam
497 819 661 896 revocari,
682 821 782 881 Breve
806 841 881 882 vero
904 819 946 882 ad
967 821 1150 901 Episcopus
1182 823 1281 884 Rava-

158 928 225 987 riae
248 923 358 986 datum
378 924 507 985 nonnisi
528 925 678 1004 parochis
707 926 812 1007 Regni
840 926 938 988 buius
969 919 1161 1006 cynosuram
1189 948 1280 1008 prae-

158 1033 253 1114 bere,
276 1030 479 1110 significavit.
502 1023 567 1102 448>

260 1132 405 1196 Alterum
427 1143 477 1197 cst
497 1133 714 1197 memorabilis
738 1134 908 1220 Epistola,
932 1156 1025 1216 quam
1043 1138 1080 1201 (l.
1104 1137 1278 1219 Spicgel

156 1238 427 1325 Arcblepis'copns
441 1243 647 1303 ¹&olonnensis
670 1246 721 1303 28.
744 1241 871 1302 lanuar.
905 1246 997 1317 1832.
1026 1240 1079 1304 ad·
1098 1246 1276 1324 quempiam

153 1347 371 1426 Episcopum,
393 1343 622 1407 verosimiliter
642 1350 882 1424 Trevirensm,
906 1344 1015 1413 dedit:
1040 1367 1077 1408 er
1098 1347 1161 1411 bac
1196 1351 1275 1411 enim

154 1446 305 1539 apparet,
329 1471 422 1538 quam
445 1451 622 1513 orthodoxe
644 1451 810 1513 Praelatds
833 1454 895 1513 iste
918 1457 990 1514 anic
1012 1451 1167 1516 famosam
1193 1459 1276 1518 Con·

152 1563 330 1647 capitonem
350 1555 496 1617 Berolini
517 1577 598 1619 anno
624 1561 715 1619 1834.
739 1563 774 1618 ut
802 1556 886 1619 infra
915 1559 1113 1639 narrabitur,
1144 1561 1273 1641 initam,

151 1664 236 1725 cirea
257 1663 354 1724 mixta
385 1662 586 1724 matrimonia
617 1665 762 1726 senserit.
792 1663 827 1725 lu
860 1684 896 1725 ea
928 1666 1035 1743 itaque
1067 1665 1209 1745 epistola
1239 1667 1271 1729 G.

150 1764 282 1848 Spiegel
305 1769 468 1851 sequeutia
491 1767 695 1830 manifestate
718 1770 751 1840 a)
776 1767 1021 1849 dispositionem
1052 1770 1189 1850 Regiam
1220 1772 1270 1861 dd.

153 1878 200 1934 17.
223 1874 304 1952 Aug.
330 1874 422 1933 1825.
445 1866 510 1942 449>
538 1872 760 1934 Jurisdictioni
783 1871 1031 1936 Ecclesiasticae
1054 1874 1147 1939 valde
1180 1897 1269 1958 prac-

145 1976 314 2059 judicare,
346 1984 378 2039 et
409 1977 482 2039 ideo
512 1999 547 2040 se
578 1981 761 2059 quorumvis
802 1979 1073 2041 matrimoniorum
1102 1983 1309 2047 mixtorum-

145 2082 427 2164 p'ertractationem
449 2083 495 2144 ad,
514 2104 604 2144 suum
627 2069 865 2146 Ordinariatum
887 2106 903 2146 a
928 2084 1081 2167 parochis
1101 2106 1266 2168 avocasse‚

145 2190 210 2264 lta,
234 2195 270 2250 ut
300 2189 420 2267 absque
451 2189 547 2249 liuius
571 2187 701 2250 licentia
732 2210 770 2250 ne
802 2210 896 2252 unum
927 2192 1053 2271 quidem
1087 2195 1309 2274 coniugium

70 2348 73 2355 .
145 2294 278 2381 mixtum
299 2291 482 2356 coalescere
505 2293 616 2356 valeat.
638 2295 674 2367 b)
698 2295 873 2356 Licentiam
906 2299 1080 2359 assistendi
1108 2301 1264 2362 connubio
1286 2334 1309 2347 ³

143 2390 241 2462 mixto
265 2403 341 2460 tunc
364 2396 467 2460 solum
490 2399 609 2478 tribui,
633 2401 661 2461 si
685 2402 795 2478 sponsi
816 2398 918 2463 libere
941 2409 973 2463 et
994 2423 1055 2464 non
1069 2407 1175 2467 coacti
1192 2424 1309 2488 pro-

141 2497 288 2582 mittant,
311 2491 421 2584 proles
451 2523 558 2566 omnes
587 2505 620 2565 in
652 2495 734 2569 Fide
766 2506 933 2569 Catholica
966 2489 1147 2571 educandas
1177 2510 1309 2573 iore:

141 2608 410 2691 proclamationes
444 2617 549 2672 tamen
579 2631 733 2672 unacum
764 2614 947 2674 testimonio
980 2633 1076 2696 super
1106 2615 1148 2677 iis
1180 2618 1309 2698 parth

140 2716 318 2780 catholicae
342 2717 438 2777 etiam
457 2717 501 2786 in
531 2715 663 2804 deiectu
689 2718 835 2797 praeviae
867 2719 1090 2798 promissionis
1121 2701 1187 2783 non
1209 2743 1298 2785 ne·-

138 2825 219 2904 garl.
243 2826 275 2896 c)
299 2821 536 2884 Matrimonium
559 2823 690 2882 mixtum
704 2842 811 2882 coram
831 2825 977 2884 ministro
998 2825 1182 2904 evangelieo
1201 2830 1279 2890 lni-

137 2937 246 3001 tuma
269 2948 303 2989 se
326 2934 360 2988 ut
381 2926 520 2988 validum
544 2924 683 3006 respici,
708 2928 765 2987 sed
795 2927 966 3008 illicitum,
991 2936 1022 2988 et
1043 2930 1117 2991 ideo
1139 2941 1274 3012 partem

136 3031 327 3097 catholicam
363 3034 490 3092 nonnisi
529 3032 693 3113 praestitis
733 3032 934 3112 praestandis
965 3035 997 3093 in
1029 3036 1060 3097 S.
1092 3037 1271 3102 'l'ribunali

135 3130 269 3201 absolvi.
294 3136 330 3209 d)
353 3136 556 3198 Decisionem
578 3132 715 3197 Romani
739 3139 904 3199 Pontificis
936 3141 998 3200 sibi
1023 3161 1152 3204 normae
1185 3143 1256 3206 loco

133 3244 274 3305 futuram
297 3261 367 3303 esse
390 3238 466 3314 4⁵⁰).
494 3242 606 3303 Mirari
630 3263 705 3303 sane
728 3245 833 3322 subit,
857 3243 1039 3306 Praelatum
1067 3255 1134 3310 tam
1164 3271 1259 3330 prae·

131 3324 218 3412 clare
249 3348 289 3409 de
317 3347 379 3408 boc
410 3348 521 3408 merito
553 3367 635 3409 anno
677 3347 782 3409 adhuc
813 3353 905 3411 1832.
943 3353 1151 3434 sentientem,
1183 3363 1260 3438 post

130 3455 212 3516 duos
237 3473 336 3515 annos
358 3450 504 3514 Rerolini
535 3474 572 3514 ea
603 3454 728 3533 egisse,
760 3475 840 3535 quac
870 3456 909 3517 ab
941 3477 978 3518 eo
1011 3479 1181 3540 numquam
1202 3463 1261 3544 agi

131 3543 337 3624 debuissent!
420 3568 422 3573 '

171 3805 175 3812 .
199 3746 264 3815 117)
293 3753 382 3802 Mon.
410 3750 470 3800 179.
499 3765 561 3814 pag.
585 3750 646 3800 231.
669 3778 704 3786 -
731 3752 964 3814 Asobuffeubnvper
997 3759 1162 3813 bestiolisclrc
1184 3759 1256 3810 Kir-

128 3846 305 3904 ebenzeitunp.
325 3841 456 3898 18331).
476 3836 559 3890 1195.

189 3934 263 4011 (tet)
282 3935 311 3985 Μ
323 3951 337 3983 u
350 3951 374 3984 u.
394 3933 454 3984 180.
474 3947 537 3997 pag.
556 3932 617 3982 232.

196 4025 262 4090 aaa)
282 4029 317 4077 cs.
336 4020 357 4087 q.
377 4024 438 4075 105.

192 4119 259 4182 450)
278 4121 367 4168 Ilion·
394 4116 453 4167 181·
474 4130 535 4178 vag·
563 4117 623 4166 233.
648 4116 709 4164 vie.
733 4117 836 4166 Joan.
862 4121 1040 4186 Porronc,
1061 4131 1179 4176 tractatu
1199 4119 1254 4171 de

157 4213 336 4268 Matrimonia.
357 4208 487 4268 hunduni.
507 4203 594 4256 isso.
613 4221 637 4263 u.
658 4205 722 4258 152.
743 4217 794 4258 not.
810 4209 842 4258 8.
