2798 4838
595 263 824 335 -313-

134 403 194 472 hil
216 401 356 488 amplius
378 407 586 468 constituisse
607 404 754 490 legimus,
786 412 829 472 ht
852 403 1032 494 Episcopus
1063 410 1274 474 Monaste-

131 513 316 602 ripensis
345 511 384 574 ad
407 514 536 576 strictas
559 516 698 576 muneris
721 517 771 578 sul
793 516 999 599 Episcopalis
1028 523 1136 598 partes
1158 516 1277 578 merito

130 619 308 706 pertinere
330 638 484 699 censens,
512 627 589 703 post
610 623 812 702 reprobatam
844 645 862 687 a
885 625 1014 687 Summo
1038 623 1196 685 Pontiilrc
1225 620 1274 683 ia·

133 744 268 793 mosam
292 725 543 787 conventionem
574 727 648 787 anui
672 731 763 790 1884.
786 727 916 793 (ilerum
944 749 1037 793 suum
1060 730 1212 791 Curatum
1233 727 1276 790 ad

138 837 290 897 exactam
314 831 546 893 observantiam
562 820 674 894 Brevil
697 833 749 895 Pii
764 834 849 899 Vlll.
871 835 912 898 de
934 836 1040 899 mirils
1061 834 1274 897 matrimoniis

140 939 289 1018 inviare,
312 934 434 1018 duplici
455 935 549 999 litera
567 936 724 1000 Circulari
747 939 787 1002 de
810 947 861 1005 2⁵.
881 948 913 1004 et
930 947 982 1005 29.
999 942 1081 1005 Maii
1102 943 1195 1004 1888.
1212 939 1274 1001 hoc
1351 1021 1357 1033 ι

146 1051 253 1127 ipsum
275 1045 457 1124 praestitit,
493 1046 659 1125 sequeutia
689 1045 844 1109 Parochls
874 1046 1122 1110 committendos
1153 1047 1188 1118 a)
1210 1065 1275 1108 non

153 1170 220 1214 esse
242 1148 372 1228 quidem
394 1148 579 1231 exigendam
602 1153 806 1230 sponsionem
827 1173 846 1215 a
864 1155 1016 1237 personis
1037 1152 1182 1215 diversae
1197 1149 1275 1214 reli·

158 1258 253 1338 gionis
276 1274 375 1336 super
397 1256 576 1319 nasciturae
598 1255 701 1339 prolis
724 1257 913 1322 educatione
936 1260 968 1321 lu
987 1258 1069 1321 Fide
1088 1255 1275 1322 Catholicae

163 1362 196 1424 ad
216 1362 357 1425 oliicium
378 1368 483 1425 tamen
505 1361 636 1425 illorum
656 1366 837 1445 pertinere,
867 1364 903 1427 id
933 1383 1066 1443 curare,
1095 1371 1131 1426 ut
1152 1363 1275 1426 cautio-

165 1489 209 1530 nes
231 1475 426 1550 opportunae
453 1489 514 1549 per
543 1472 643 1531 Brerc
664 1468 887 1552 Apostolicum
915 1470 1133 1553 praescriptae
1165 1470 1274 1532 matri·-

168 1576 263 1637 uouiis
296 1576 404 1650 mixtio
434 1577 685 1656 praemittantur.
717 1578 753 1650 b)
776 1577 845 1638 Non
877 1577 1044 1657 praestitis
1073 1576 1276 1638 cautionibus

169 1684 306 1758 passivam
338 1682 552 1743 assistentiam
586 1681 798 1744 adhibendam
831 1701 913 1744 esse.
944 1684 978 1756 c)
1003 1682 1140 1762 Quaevis
1162 1680 1275 1742 Brevis

111 1812 120 1821 ·
170 1785 312 1848 Poutificii
334 1793 471 1867 puncta,
494 1795 574 1868 purae
596 1788 638 1850 ad
660 1788 803 1868 agenda,
825 1766 989 1866 docenda,
1012 1785 1167 1849 mouendo
1188 1784 1276 1848 reie-

111 1898 113 1903 '
170 1899 283 1972 ruutur,
307 1898 416 1956 exacte
439 1895 618 1971 observari,
642 1891 738 1955 simul
768 1899 873 1955 tarum
897 1893 983 1955 omui
1014 1891 1276 1975 cum⁸prudentia
1342 1917 1346 1925 ·

170 2002 195 2057 et
206 2000 332 2061 caritate
354 1998 489 2081 procedi
506 1997 635 2061 debere·
667 1997 703 2072 d)
728 1997 951 2079 Obligationes
970 1999 1106 2080 parochi
1121 1996 1275 2060 concluso
1354 1980 1359 1989 ³

170 2120 248 2178 penes
271 2106 488 2167 assistentiam
510 2106 669 2186 passivam
698 2106 901 2167 matrimonio
929 2106 1199 2189 respectupartls
1221 2125 1276 2167 ca·

170 2207 292 2273 tholicae
313 2230 513 2292 necunquam
537 2212 715 2292 exspirare,
746 2211 804 2274 sed
826 2211 977 2294 deinceps
1006 2231 1134 2292 quoquc
1156 2209 1276 2294 perdu-

168 2332 241 2397 rare,
261 2320 414 2398 incoque
436 2319 640 2396 potissimum
664 2320 858 2397 consistere,
881 2325 917 2380 ut
937 2324 1060 2400 partem
1083 2315 1276 2380 catholicam

168 2437 197 2481 eo
214 2426 341 2486 flectere
364 2430 515 2503 conetur,
540 2444 603 2504 quo
623 2443 718 2506 super
739 2425 912 2486 commisso
933 2429 1023 2487 reatu
1040 2425 1223 2506 poeniteat,
1244 2428 1277 2485 et

168 2524 199 2587 ad
221 2531 423 2592 Sacramenta
446 2528 613 2593 Ecclesiae
641 2513 826 2612 recipienda
854 2529 992 2593 habilem
1024 2537 1055 2593 ct
1086 2528 1275 2612 dispositam

165 2646 194 2692 te
212 2637 340 2699 eliioiai.
354 2633 415 2710 ¹⁵⁹⁹)

261 2892 307 2983 d)
337 2890 640 2991 loProoincc‘ie
668 2890 877 2969 Borussiue
907 2842 1188 3003 Orientalibus³

193 3081 235 3173 α)
262 3076 298 3152 iu
327 3075 621 3178 Archidioecesi
651 3076 869 3155 Guesueusi
895 3101 942 3154 ac
968 3072 1232 3183 Posuooieuai.
1352 3161 1357 3168 N

636 3268 671 3362 §-
702 3269 788 3343 rso.

148 3393 502 3481 Arenteptseopus
520 3410 666 3469 nussim
691 3410 853 3483 duplici
877 3407 1089 3478 encyclicas
1115 3402 1277 3464 onusti·

148 3490 361 3560 iunonem
379 3501 601 3560 Benedicti
621 3505 725 3561 xlv.
746 3507 861 3560 clero
879 3501 925 3559 lm
943 3489 1192 3558 memoriane
1210 3511 1280 3554 re-
1338 3519 1342 3522 ·

147 3582 292 3668 ν’(ιιιιιι,
310 3600 353 3652 et
379 3595 652 3653 montmomia
677 3597 810 3654 mixta
837 3596 953 3652 ΙιιιιιιΙ
972 3595 1120 3658 aliter,
1145 3603 1283 3660 ιιιιιιιι-

146 3680 372 3749 succussus
398 3687 668 3748 sanctoninus
693 3691 746 3748 ab
770 3686 956 3748 Ecclesia
982 3682 1174 3758 depastis
1187 3679 1278 3741 ritu

320 3852 323 3859 ,
394 3781 604 3865 catholieo
622 3782 816 3840 benedici
834 3779 1033 3840 admittit.
1104 3832 1131 3845 ,,
1156 3830 1186 3836 ,4

254 3937 895 4021 QuaeinArchidioecesiGnesneusi
919 3932 965 4002 ac
983 3935 1277 4001 Posnaniensi

142 4022 180 4095 ⁵¹¹
217 4047 330 4109 merito
362 4048 531 4110 mixtorum
562 4051 858 4129 matrimoniorum,
894 4047 1001 4129 priore
1041 4046 1103 4108 iam
1141 4039 1278 4124 periodo

141 4149 283 4233 mepta,
307 4156 487 4236 praeseutia
511 4155 652 4236 epochae
668 4157 786 4235 initio,
806 4162 838 4216 ot
857 4154 1071 4217 continuative
1090 4151 1276 4213 evenerunt:

142 4251 403 4292 Ὢ..

225 4342 289 4406 599)
309 4348 399 4398 Mon.
419 4347 480 4402 235.
500 4354 527 4402 et
545 4347 605 4400 236.
624 4363 686 4417 pag.
705 4347 765 4401 816.
