2798 4838
581 249 816 321 ..203-

135 393 257 458 tbolica
278 390 435 475 religione
458 392 588 456 educari
618 395 714 472 sinit,
745 411 838 474 grave
871 399 1033 474 peccatum
1063 393 1261 457 committere

58 501 61 510 '
97 570 99 579 ,
134 501 261 585 probat.

280 713 323 785 B)
346 711 702 774 Protestantium.
1053 790 1057 802 Ι
1148 748 1151 753 -

236 823 289 882 89.
313 818 350 880 G.
373 819 411 880 A.
434 818 698 896 an-Bach,
721 819 754 878 in
786 817 940 879 Bornssia
970 816 1153 896 Regiminis
1183 817 1262 879 Gon·

134 923 300 1004 silinrius,
322 930 428 986 sumta
459 943 497 984 ex
529 925 698 1004 Rescripto
720 923 902 986 vicariatus
932 924 1205 1001 Aquiapraoenais
1225 920 1260 983 de

133 1050 184 1094 an.
209 1034 302 1093 1818.
324 1029 527 1091 matrimonia
549 1031 646 1091 mixtu
668 1030 797 1090 nonnisi
819 1030 930 1091 habita
952 1028 1082 1108 praevie
1104 1029 1258 1090 securita-

132 1143 166 1200 te
196 1155 295 1217 super
325 1134 515 1207 educatione
546 1134 705 1197 catholica
743 1133 882 1215 prolium
912 1132 1062 1196 benedici
1092 1133 1259 1196 admitten-

133 1243 177 1304 tis
200 1236 279 1320 4⁰¹),
300 1241 487 1321 occasione,
511 1241 711 1303 concinnavit
746 1260 846 1318 opus:
873 1231 957 1304 iiber
985 1244 1037 1301 die
1065 1243 1162 1301 Ebora
1182 1243 1258 1302 zwi-

132 1349 230 1410 acben
250 1351 458 1426 Kotboiilcen,
481 1352 550 1407 und
563 1351 796 1408 Protectonteu.
811 1349 1011 1408 Historiacbc
1024 1348 1178 1422 Beitrcipe
1194 1352 1257 1409 und

133 1456 385 1530 Bemerbmepeu.
411 1457 598 1515 Veranium
617 1455 733 1513 aaron.
754 1457 807 1514 dic
836 1454 1004 1514 Aocbencr
1034 1453 1258 1513 Generoloica-

132 1561 484 1621 riaca-Seudscbreiben
505 1566 575 1620 uod
596 1565 655 1620 das
677 1561 758 1618 noo.
781 1562 909 1629 Ρνιιιιειι.
941 1561 1260 1635 Kobioets-Reseript

131 1669 212 1726 siber
231 1669 339 1726 diesen
354 1659 573 1742 neumatum.
595 1669 687 1726 Kosa.
709 1669 812 1724 1820.
835 1663 870 1724 ln
904 1682 942 1724 eo
972 1668 1044 1724 ante
1076 1663 1183 1726 omnia
1212 1668 1257 1723 to·

132 1775 197 1832 tam
219 1762 410 1851 potestatem
430 1768 643 1850 legislativum
665 1771 751 1831 circa
772 1788 839 1830 rem
862 1766 1131 1829 matrimonialem
1160 1769 1256 1848 Impe-

130 1876 180 1937 rio
203 1874 300 1938 civili
320 1874 483 1938 vindicare
505 1878 639 1957 satagit:
663 1874 738 1937 dein
770 1872 810 1935 ad
845 1874 1066 1954 quaestionem
1099 1873 1140 1936 de
1169 1879 1253 1936 matr.
1294 1874 1296 1883 '

87 1972 89 1976 ⁸
132 1981 242 2045 mixtis
263 1979 481 2061 descendens,
505 2003 575 2045 cum
598 2002 637 2044 ex
658 1981 716 2044 SS.
738 1981 880 2059 Liberis,
902 1985 970 2041 tum
1001 1999 1038 2041 ex
1068 1979 1101 2041 S.
1137 1981 1253 2061 Augus·
1289 1998 1296 2019 ··

133 2087 201 2149 tino
222 2089 362 2166 probare
382 2086 470 2166 vult,
492 2108 531 2150 ne
554 2088 755 2151 matrimonia
778 2084 907 2165 quidem
935 2083 1081 2147 fidelium
1095 2146 1097 2150 ,
1112 2105 1185 2146 cnm
1212 2085 1252 2146 in-

133 2191 286 2256 fidelibus
307 2193 494 2272 prohiberi,
517 2193 579 2254 boc
600 2196 704 2256 minus
727 2193 833 2271 itaque
857 2192 1004 2272 coniugia
1025 2191 1110 2253 inter
1141 2191 1251 2253 (iatha-

132 2296 216 2362 iicos
237 2304 270 2361 et
291 2298 523 2361 Protestantes.
546 2301 592 2362 De
616 2301 653 2361 G.
676 2298 867 2360 Tridentino
905 2298 971 2376 ait,
1001 2295 1037 2357 id
1065 2297 1099 2358 in
1130 2297 1251 2379 provin-
1294 2336 1296 2373 :

132 2405 193 2467 ciis
215 2397 379 2466 Rhenanis
401 2425 600 2486 nequaquam
634 2403 830 2487 publicatum
860 2423 949 2478 esse;
971 2404 1090 2465 asserii
1113 2404 1250 2484 insuper,

132 2509 351 2573 conditionem
373 2510 413 2573 de
438 2510 603 2572 educanda
622 2509 715 2592 prole
737 2513 771 2572 in
801 2509 971 2590 Religione
1002 2507 1174 2570 Catholica
1201 2527 1250 2569 no·

132 2635 222 2696 vm,
245 2621 279 2680 et
299 2618 384 2699 parti
405 2619 575 2697 coniugum
596 2619 847 2698 protestanticae
878 2635 998 2678 summe
1028 2634 1175 2694 gravem,
1207 2618 1250 2676 tu·

132 2722 309 2804 tioremqne
338 2723 373 2784 in
403 2723 673 2785 Protestantismo
717 2721 832 2784 salutis
862 2721 943 2782 viam
974 2721 1134 2799 existere,
1166 2737 1251 2783 sensu

132 2837 239 2892 autern
260 2828 399 2891 iuridico
420 2837 626 2892 memoratam
657 2827 873 2891 conditionem
902 2847 1037 2908 prorsus
1066 2846 1133 2887 non
1155 2824 1251 2888 subsi-

132 2940 229 2999 stere.
253 2930 317 3008 4⁰²)

235 3046 287 3103 90.
309 3041 460 3103 Auctoris
483 3041 579 3104 huius
594 3047 700 3104 errata
720 3038 817 3120 longe
834 3037 974 3121 plurima
988 3036 1129 3117 detexit,
1151 3035 1252 3099 illum·
1291 3016 1296 3057 ⁷

132 3165 199 3227 quo
215 3145 386 3226 insigniter
405 3146 559 3209 refutavit
580 3148 618 3210 L.
640 3149 678 3209 A.
700 3144 847 3208 Nelles
859 3165 953 3226 sen,
979 3147 1112 3222 ricbtipe
1127 3145 1255 3206 Ansicbt

132 3258 189 3314 des
209 3255 413 3314 ebristiicben
434 3257 648 3332 Eteoertrnps
668 3260 738 3315 oud
758 3260 816 3314 der
843 3236 1109 3329 qcsctzpcbeoden
1142 3251 1255 3312 Gemuit

87 3346 91 3355 ⁵
131 3364 191 3420 der
221 3360 341 3418 Kircbe
367 3362 446 3418 eber
474 3365 660 3438 desselben,
691 3379 753 3420 nus
780 3358 903 3432 Sebrift
930 3363 1000 3418 und
1025 3356 1255 3417 *Kercneoroctt

132 3460 319 3542 cuffinstein.
340 3464 481 3526 Aacbeo.
497 3470 593 3527 1821.
611 3464 729 3544 dequo
752 3465 817 3526 iam
834 3463 901 3549 Nro
920 3467 971 3524 63.
988 3480 1091 3523 sermo
1116 3453 1248 3528 fuic‘fflb

203 3695 270 3761 401)
290 3701 324 3749 oi.
344 3695 367 3762 d.
387 3699 448 3750 102.

202 3789 269 3855 ¹102)
294 3792 499 3843 Recensloncse
518 3790 635 3852 Beck,
653 3793 757 3851 ollpern.
785 3788 972 3845 Reperioriom
998 3770 1045 3835 der
1069 3793 1195 3836 acuesteo
1209 3780 1248 3832 n·-

168 3881 274 3935 tero'tur.
302 3881 390 3934 isso,
415 3885 464 3934 IV.
483 3885 516 3931 Β.
536 3880 564 3930 3.
584 3882 624 3931 st.
643 3894 668 3938 o.
693 3877 761 3930 156.
780 3906 816 3916 —
839 3879 983 3938 Leioaiper
1009 3871 1245 3932 Literuturzea'toao.

167 3975 254 4028 1813.
273 3979 322 4027 No.
347 3972 417 4025 2⁶5.
435 3989 460 4033 p.
480 3970 562 4024 2119.
581 4001 617 4010 -
641 3973 838 4033 nneolopiscoec
861 3972 1065 4020 Literoturblutt
1087 3984 1136 4020 aur
1153 3972 1244 4029 Aliaeu

168 4063 399 4128 Kircbeozeitnno.
418 4067 581 4117 naumann.
600 4061 688 4115 1839.
708 4066 758 4113 No.
777 4061 825 4112 23.

201 4156 270 4222 108)
294 4148 499 4208 Recensioness
524 4159 710 4218 ibeolopt'ccbe
730 4154 941 4220 Quartolscbrift.
971 4153 1109 4215 iiibiopeo
1132 4147 1210 4203 1821.
1223 4155 1241 4200 1·

132 4250 204 4302 700.
222 4277 259 4288 -
276 4250 431 4310 Matiana,
442 4250 502 4299 'leit
521 4249 633 4310 zeituup
649 4251 696 4307 scir
714 4251 785 4298 beati.
811 4248 1046 4308 Relipioosledrer.
1067 4248 1150 4298 xm.
1167 4242 1239 4296 ΜΝ·

44 4396 58 4420 ‚
132 4339 218 4393 assa.
239 4339 263 4392 ι,
284 4345 317 4393 a.
336 4356 363 4400 a.
382 4339 501 4392 ³11.-
