<?xml version="1.0" encoding="UTF-8"?>
<!DOCTYPE html PUBLIC "-//W3C//DTD XHTML 1.0 Transitional//EN"
    "http://www.w3.org/TR/xhtml1/DTD/xhtml1-transitional.dtd">
<html xmlns="http://www.w3.org/1999/xhtml" xml:lang="en" lang="en">
 <head>
  <title>
</title>
<meta http-equiv="Content-Type" content="text/html;charset=utf-8" />
  <meta name='ocr-system' content='tesseract 3.04.00' />
  <meta name='ocr-capabilities' content='ocr_page ocr_carea ocr_par ocr_line ocrx_word'/>
</head>
<body>
  <div class='ocr_page' id='page_1' title='image "./dematrimoniismi01roskgoog_0482.png"; bbox 0 0 2798 4838; ppageno 0'>
   <div class='ocr_carea' id='block_1_1' title="bbox 478 229 935 322">
    <p class='ocr_par' dir='ltr' id='par_1_1' title="bbox 478 229 935 322">
     <span class='ocr_line' id='line_1_1' title="bbox 478 229 935 322; baseline -0.002 0"><span class='ocrx_word' id='word_1_1' title='bbox 478 274 482 282; x_wconf 89' lang='lat'><strong>·</strong></span> <span class='ocrx_word' id='word_1_2' title='bbox 587 246 818 322; x_wconf 76' lang='lat' dir='ltr'><strong>-aan-</strong></span> <span class='ocrx_word' id='word_1_3' title='bbox 931 229 935 239; x_wconf 85' lang='grc'><em>’</em></span> 
     </span>
    </p>
   </div>
   <div class='ocr_carea' id='block_1_2' title="bbox 106 390 1364 4388">
    <p class='ocr_par' dir='ltr' id='par_1_2' title="bbox 106 390 1364 3442">
     <span class='ocr_line' id='line_1_2' title="bbox 132 390 1364 478; baseline -0.001 -19"><span class='ocrx_word' id='word_1_4' title='bbox 132 396 276 460; x_wconf 88' lang='lat' dir='ltr'><strong>cationis</strong></span> <span class='ocrx_word' id='word_1_5' title='bbox 298 416 405 460; x_wconf 88' lang='lat' dir='ltr'><strong>curam</strong></span> <span class='ocrx_word' id='word_1_6' title='bbox 428 393 708 476; x_wconf 74' lang='lat' dir='ltr'><strong>commendabant,</strong></span> <span class='ocrx_word' id='word_1_7' title='bbox 731 402 764 457; x_wconf 89' lang='lat' dir='ltr'><strong>et</strong></span> <span class='ocrx_word' id='word_1_8' title='bbox 784 394 879 457; x_wconf 90' lang='lat' dir='ltr'><strong>tinem</strong></span> <span class='ocrx_word' id='word_1_9' title='bbox 899 395 933 457; x_wconf 91' lang='lat' dir='ltr'><strong>in</strong></span> <span class='ocrx_word' id='word_1_10' title='bbox 953 390 1039 457; x_wconf 88' lang='lat' dir='ltr'><strong>huno</strong></span> <span class='ocrx_word' id='word_1_11' title='bbox 1061 393 1269 478; x_wconf 83' lang='lat' dir='ltr'><strong>Praepositu-</strong></span> <span class='ocrx_word' id='word_1_12' title='bbox 1361 417 1364 421; x_wconf 77' lang='grc'>’</span> 
     </span>
     <span class='ocr_line' id='line_1_3' title="bbox 131 498 1269 584; baseline 0 -19"><span class='ocrx_word' id='word_1_13' title='bbox 131 522 266 584; x_wconf 86' lang='lat' dir='ltr'><strong>rarum,</strong></span> <span class='ocrx_word' id='word_1_14' title='bbox 287 504 515 582; x_wconf 88' lang='lat' dir='ltr'><strong>Abbatiarnm,</strong></span> <span class='ocrx_word' id='word_1_15' title='bbox 537 522 596 564; x_wconf 83' lang='lat' dir='ltr'><strong>nec</strong></span> <span class='ocrx_word' id='word_1_16' title='bbox 616 522 681 564; x_wconf 91' lang='lat' dir='ltr'><strong>non</strong></span> <span class='ocrx_word' id='word_1_17' title='bbox 704 502 903 565; x_wconf 88' lang='lat' dir='ltr'><strong>desertorum</strong></span> <span class='ocrx_word' id='word_1_18' title='bbox 911 498 1269 566; x_wconf 73' lang='lat' dir='ltr'><strong>Claustrorumetcon·</strong></span> 
     </span>
     <span class='ocr_line' id='line_1_4' title="bbox 132 605 1271 689; baseline 0.003 -19"><span class='ocrx_word' id='word_1_19' title='bbox 132 614 285 671; x_wconf 87' lang='lat' dir='ltr'><strong>ventnum</strong></span> <span class='ocrx_word' id='word_1_20' title='bbox 317 611 401 673; x_wconf 92' lang='lat' dir='ltr'><strong>bona</strong></span> <span class='ocrx_word' id='word_1_21' title='bbox 430 628 488 689; x_wconf 88' lang='lat' dir='ltr'><strong>pro</strong></span> <span class='ocrx_word' id='word_1_22' title='bbox 513 605 642 670; x_wconf 82' lang='lat' dir='ltr'><strong>scholia</strong></span> <span class='ocrx_word' id='word_1_23' title='bbox 672 607 812 689; x_wconf 90' lang='lat' dir='ltr'><strong>publicis</strong></span> <span class='ocrx_word' id='word_1_24' title='bbox 844 605 983 688; x_wconf 82' lang='lat' dir='ltr'><strong>allisque</strong></span> <span class='ocrx_word' id='word_1_25' title='bbox 1013 607 1077 686; x_wconf 86' lang='lat' dir='ltr'><strong>piis</strong></span> <span class='ocrx_word' id='word_1_26' title='bbox 1110 608 1271 673; x_wconf 74' lang='lat' dir='ltr'><strong>institutis</strong></span> 
     </span>
     <span class='ocr_line' id='line_1_5' title="bbox 132 713 1270 797; baseline 0 -20"><span class='ocrx_word' id='word_1_27' title='bbox 132 713 345 796; x_wconf 85' lang='lat' dir='ltr'><strong>providendis</strong></span> <span class='ocrx_word' id='word_1_28' title='bbox 363 715 582 797; x_wconf 81' lang='lat' dir='ltr'><strong>designabant3</strong></span> <span class='ocrx_word' id='word_1_29' title='bbox 601 716 697 776; x_wconf 90' lang='lat' dir='ltr'><strong>verbo</strong></span> <span class='ocrx_word' id='word_1_30' title='bbox 710 715 860 777; x_wconf 83' lang='lat' dir='ltr'><strong>haereses</strong></span> <span class='ocrx_word' id='word_1_31' title='bbox 878 732 987 776; x_wconf 85' lang='lat' dir='ltr'><strong>omnes</strong></span> <span class='ocrx_word' id='word_1_32' title='bbox 1002 713 1270 794; x_wconf 83' lang='lat' dir='ltr'><strong>exterminandas,</strong></span> 
     </span>
     <span class='ocr_line' id='line_1_6' title="bbox 133 818 1270 902; baseline 0.002 -20"><span class='ocrx_word' id='word_1_33' title='bbox 133 827 234 902; x_wconf 85' lang='lat' dir='ltr'><strong>atque</strong></span> <span class='ocrx_word' id='word_1_34' title='bbox 250 841 345 884; x_wconf 89' lang='lat' dir='ltr'><strong>unam</strong></span> <span class='ocrx_word' id='word_1_35' title='bbox 367 819 472 883; x_wconf 91' lang='lat' dir='ltr'><strong>solum</strong></span> <span class='ocrx_word' id='word_1_36' title='bbox 495 820 704 883; x_wconf 81' lang='lat' dir='ltr'><strong>orthodoxam</strong></span> <span class='ocrx_word' id='word_1_37' title='bbox 721 818 913 901; x_wconf 72' lang='lat' dir='ltr'><strong>religionem</strong></span> <span class='ocrx_word' id='word_1_38' title='bbox 930 818 1175 902; x_wconf 79' lang='lat' dir='ltr'><strong>promovendam</strong></span> <span class='ocrx_word' id='word_1_39' title='bbox 1196 838 1270 898; x_wconf 82' lang='lat' dir='ltr'><strong>esso</strong></span> 
     </span>
     <span class='ocr_line' id='line_1_7' title="bbox 134 924 1270 1005; baseline -0.001 -16"><span class='ocrx_word' id='word_1_40' title='bbox 134 927 325 1005; x_wconf 86' lang='lat' dir='ltr'><strong>cumprimis</strong></span> <span class='ocrx_word' id='word_1_41' title='bbox 344 927 564 1000; x_wconf 73' lang='lat' dir='ltr'><strong>subiiomitiis</strong></span> <span class='ocrx_word' id='word_1_42' title='bbox 581 947 610 988; x_wconf 90' lang='lat' dir='ltr'><strong>a.</strong></span> <span class='ocrx_word' id='word_1_43' title='bbox 622 928 714 988; x_wconf 83' lang='grc'><strong>1148.</strong></span> <span class='ocrx_word' id='word_1_44' title='bbox 725 924 902 989; x_wconf 82' lang='lat' dir='ltr'><strong>solenniter</strong></span> <span class='ocrx_word' id='word_1_45' title='bbox 914 930 1097 1005; x_wconf 81' lang='lat' dir='ltr'><strong>sanxerunt,</strong></span> <span class='ocrx_word' id='word_1_46' title='bbox 1112 924 1270 988; x_wconf 88' lang='lat' dir='ltr'><strong>constitu·</strong></span> 
     </span>
     <span class='ocr_line' id='line_1_8' title="bbox 134 1025 1312 1113; baseline 0.003 -19"><span class='ocrx_word' id='word_1_47' title='bbox 134 1033 306 1112; x_wconf 87' lang='lat' dir='ltr'><strong>tionesque</strong></span> <span class='ocrx_word' id='word_1_48' title='bbox 320 1025 387 1094; x_wconf 57' lang='lat' dir='ltr'><strong>&#39;has</strong></span> <span class='ocrx_word' id='word_1_49' title='bbox 405 1033 438 1093; x_wconf 91' lang='lat' dir='ltr'><strong>in</strong></span> <span class='ocrx_word' id='word_1_50' title='bbox 456 1033 625 1112; x_wconf 74' lang='lat' dir='ltr'><strong>subsequi·</strong></span> <span class='ocrx_word' id='word_1_51' title='bbox 648 1032 743 1094; x_wconf 89' lang='lat' dir='ltr'><strong>etiam</strong></span> <span class='ocrx_word' id='word_1_52' title='bbox 754 1033 903 1094; x_wconf 80' lang='lat' dir='ltr'><strong>Camillis</strong></span> <span class='ocrx_word' id='word_1_53' title='bbox 925 1032 1165 1096; x_wconf 82' lang='lat' dir='ltr'><strong>confirmarunt.</strong></span> <span class='ocrx_word' id='word_1_54' title='bbox 1184 1032 1268 1113; x_wconf 73' lang='lat' dir='ltr'><strong>Quia</strong></span> <span class='ocrx_word' id='word_1_55' title='bbox 1310 1093 1312 1097; x_wconf 87' lang='lat'>.</span> 
     </span>
     <span class='ocr_line' id='line_1_9' title="bbox 134 1135 1268 1218; baseline 0.003 -20"><span class='ocrx_word' id='word_1_56' title='bbox 134 1136 346 1200; x_wconf 87' lang='lat' dir='ltr'><strong>nihilominus</strong></span> <span class='ocrx_word' id='word_1_57' title='bbox 364 1135 506 1199; x_wconf 86' lang='lat' dir='ltr'><strong>remedia</strong></span> <span class='ocrx_word' id='word_1_58' title='bbox 523 1136 602 1199; x_wconf 89' lang='lat' dir='ltr'><strong>haec</strong></span> <span class='ocrx_word' id='word_1_59' title='bbox 619 1138 734 1218; x_wconf 87' lang='lat' dir='ltr'><strong>partlm</strong></span> <span class='ocrx_word' id='word_1_60' title='bbox 748 1135 837 1200; x_wconf 91' lang='lat' dir='ltr'><strong>lento</strong></span> <span class='ocrx_word' id='word_1_61' title='bbox 853 1137 949 1199; x_wconf 92' lang='lat' dir='ltr'><strong>modo</strong></span> <span class='ocrx_word' id='word_1_62' title='bbox 968 1139 1011 1201; x_wconf 92' lang='lat' dir='ltr'><strong>ob</strong></span> <span class='ocrx_word' id='word_1_63' title='bbox 1027 1139 1179 1201; x_wconf 87' lang='lat' dir='ltr'><strong>continua</strong></span> <span class='ocrx_word' id='word_1_64' title='bbox 1196 1157 1268 1201; x_wconf 87' lang='lat' dir='ltr'><strong>oum</strong></span> 
     </span>
     <span class='ocr_line' id='line_1_10' title="bbox 135 1240 1270 1324; baseline 0.001 -18"><span class='ocrx_word' id='word_1_65' title='bbox 135 1243 255 1306; x_wconf 81' lang='lat' dir='ltr'><strong>&#39;l&#39;nreis</strong></span> <span class='ocrx_word' id='word_1_66' title='bbox 284 1240 371 1304; x_wconf 91' lang='lat' dir='ltr'><strong>bella</strong></span> <span class='ocrx_word' id='word_1_67' title='bbox 402 1241 528 1321; x_wconf 86' lang='lat' dir='ltr'><strong>aliaque</strong></span> <span class='ocrx_word' id='word_1_68' title='bbox 558 1243 760 1305; x_wconf 86' lang='lat' dir='ltr'><strong>incommoda</strong></span> <span class='ocrx_word' id='word_1_69' title='bbox 790 1243 1047 1324; x_wconf 87' lang='lat' dir='ltr'><strong>adhibebantur,</strong></span> <span class='ocrx_word' id='word_1_70' title='bbox 1077 1245 1195 1323; x_wconf 86' lang='lat' dir='ltr'><strong>partim</strong></span> <span class='ocrx_word' id='word_1_71' title='bbox 1226 1243 1270 1307; x_wconf 83' lang='lat' dir='ltr'><strong>oh</strong></span> 
     </span>
     <span class='ocr_line' id='line_1_11' title="bbox 133 1348 1269 1413; baseline 0.001 -1"><span class='ocrx_word' id='word_1_72' title='bbox 133 1348 309 1413; x_wconf 82' lang='lat' dir='ltr'><strong>admodum</strong></span> <span class='ocrx_word' id='word_1_73' title='bbox 330 1368 519 1411; x_wconf 87' lang='lat' dir='ltr'><strong>numerosos</strong></span> <span class='ocrx_word' id='word_1_74' title='bbox 543 1348 766 1411; x_wconf 81' lang='lat' dir='ltr'><strong>reformationi</strong></span> <span class='ocrx_word' id='word_1_75' title='bbox 796 1350 1006 1413; x_wconf 76' lang='lat' dir='ltr'><strong>adhaerenter</strong></span> <span class='ocrx_word' id='word_1_76' title='bbox 1038 1349 1269 1413; x_wconf 80' lang='lat' dir='ltr'><strong>insufficientia</strong></span> 
     </span>
     <span class='ocr_line' id='line_1_12' title="bbox 133 1454 1269 1537; baseline 0 -19"><span class='ocrx_word' id='word_1_77' title='bbox 133 1461 246 1519; x_wconf 77' lang='lat' dir='ltr'><strong>enanis</strong></span> <span class='ocrx_word' id='word_1_78' title='bbox 269 1454 343 1516; x_wconf 90' lang='lat' dir='ltr'><strong>ideo</strong></span> <span class='ocrx_word' id='word_1_79' title='bbox 366 1475 430 1516; x_wconf 92' lang='lat' dir='ltr'><strong>non</strong></span> <span class='ocrx_word' id='word_1_80' title='bbox 454 1456 653 1516; x_wconf 78' lang='lat' dir='ltr'><strong>obstantibus</strong></span> <span class='ocrx_word' id='word_1_81' title='bbox 681 1457 868 1537; x_wconf 84' lang='lat' dir='ltr'><strong>praemissis</strong></span> <span class='ocrx_word' id='word_1_82' title='bbox 892 1457 1204 1535; x_wconf 78' lang='lat' dir='ltr'><strong>constitutionibus,</strong></span> <span class='ocrx_word' id='word_1_83' title='bbox 1235 1457 1269 1518; x_wconf 91' lang='lat' dir='ltr'><strong>in</strong></span> 
     </span>
     <span class='ocr_line' id='line_1_13' title="bbox 133 1559 1269 1639; baseline -0.001 -16"><span class='ocrx_word' id='word_1_84' title='bbox 133 1561 252 1624; x_wconf 84' lang='lat' dir='ltr'><strong>eil&#39;cctn</strong></span> <span class='ocrx_word' id='word_1_85' title='bbox 275 1559 559 1623; x_wconf 85' lang='lat' dir='ltr'><strong>dissimulabantur</strong></span> <span class='ocrx_word' id='word_1_86' title='bbox 581 1566 694 1621; x_wconf 88' lang='lat' dir='ltr'><strong>cuncta</strong></span> <span class='ocrx_word' id='word_1_87' title='bbox 722 1561 801 1623; x_wconf 89' lang='lat' dir='ltr'><strong>haec</strong></span> <span class='ocrx_word' id='word_1_88' title='bbox 823 1561 925 1639; x_wconf 89' lang='lat' dir='ltr'><strong>adeo,</strong></span> <span class='ocrx_word' id='word_1_89' title='bbox 953 1567 991 1623; x_wconf 84' lang='lat' dir='ltr'><strong>ni</strong></span> <span class='ocrx_word' id='word_1_90' title='bbox 1019 1563 1080 1624; x_wconf 90' lang='lat' dir='ltr'><strong>snb</strong></span> <span class='ocrx_word' id='word_1_91' title='bbox 1110 1563 1269 1624; x_wconf 61' lang='lat' dir='ltr'><strong>Masone</strong></span> 
     </span>
     <span class='ocr_line' id='line_1_14' title="bbox 131 1665 1267 1750; baseline -0.003 -20"><span class='ocrx_word' id='word_1_92' title='bbox 131 1673 222 1730; x_wconf 68' lang='lat' dir='ltr'><strong>Rana</strong></span> <span class='ocrx_word' id='word_1_93' title='bbox 243 1670 286 1729; x_wconf 83' lang='lat' dir='ltr'><strong>ii.</strong></span> <span class='ocrx_word' id='word_1_94' title='bbox 318 1672 351 1728; x_wconf 85' lang='lat' dir='ltr'><strong>et</strong></span> <span class='ocrx_word' id='word_1_95' title='bbox 373 1671 538 1744; x_wconf 73' lang='lat' dir='ltr'><strong>Redolpbo</strong></span> <span class='ocrx_word' id='word_1_96' title='bbox 570 1667 602 1726; x_wconf 91' lang='lat' dir='ltr'><strong>in</strong></span> <span class='ocrx_word' id='word_1_97' title='bbox 634 1665 772 1746; x_wconf 84' lang='lat' dir='ltr'><strong>publicis</strong></span> <span class='ocrx_word' id='word_1_98' title='bbox 795 1668 943 1729; x_wconf 81' lang='lat' dir='ltr'><strong>(inmitiis</strong></span> <span class='ocrx_word' id='word_1_99' title='bbox 972 1665 1022 1729; x_wconf 79' lang='lat' dir='ltr'><strong>de‘</strong></span> <span class='ocrx_word' id='word_1_100' title='bbox 1045 1666 1182 1750; x_wconf 80' lang='lat' dir='ltr'><strong>objectis</strong></span> <span class='ocrx_word' id='word_1_101' title='bbox 1215 1665 1267 1727; x_wconf 70' lang='lat' dir='ltr'><strong>hi·</strong></span> 
     </span>
     <span class='ocr_line' id='line_1_15' title="bbox 131 1769 1268 1853; baseline -0.002 -18"><span class='ocrx_word' id='word_1_102' title='bbox 131 1770 354 1853; x_wconf 85' lang='lat' dir='ltr'><strong>reilgionariis</strong></span> <span class='ocrx_word' id='word_1_103' title='bbox 384 1771 482 1835; x_wconf 91' lang='lat' dir='ltr'><strong>altum</strong></span> <span class='ocrx_word' id='word_1_104' title='bbox 514 1772 613 1833; x_wconf 87' lang='lat' dir='ltr'><strong>iuerit</strong></span> <span class='ocrx_word' id='word_1_105' title='bbox 642 1770 824 1851; x_wconf 90' lang='lat' dir='ltr'><strong>silentium,</strong></span> <span class='ocrx_word' id='word_1_106' title='bbox 865 1782 1086 1852; x_wconf 82' lang='lat' dir='ltr'><strong>praeterquam</strong></span> <span class='ocrx_word' id='word_1_107' title='bbox 1120 1769 1207 1850; x_wconf 86' lang='lat' dir='ltr'><strong>qnod</strong></span> <span class='ocrx_word' id='word_1_108' title='bbox 1239 1789 1268 1833; x_wconf 85' lang='lat' dir='ltr'><strong>a.</strong></span> 
     </span>
     <span class='ocr_line' id='line_1_16' title="bbox 135 1865 1270 1958; baseline -0.003 -17"><span class='ocrx_word' id='word_1_109' title='bbox 135 1881 231 1941; x_wconf 82' lang='grc'><strong>1604.</strong></span> <span class='ocrx_word' id='word_1_110' title='bbox 255 1898 327 1939; x_wconf 86' lang='lat' dir='ltr'><strong>curu</strong></span> <span class='ocrx_word' id='word_1_111' title='bbox 349 1877 529 1940; x_wconf 82' lang='lat' dir='ltr'><strong>Aeatholici</strong></span> <span class='ocrx_word' id='word_1_112' title='bbox 560 1879 656 1938; x_wconf 87' lang='lat' dir='ltr'><strong>variis</strong></span> <span class='ocrx_word' id='word_1_113' title='bbox 688 1876 861 1956; x_wconf 86' lang='lat' dir='ltr'><strong>postulatis</strong></span> <span class='ocrx_word' id='word_1_114' title='bbox 890 1877 1064 1957; x_wconf 90' lang='lat' dir='ltr'><strong>Rndolpho</strong></span> <span class='ocrx_word' id='word_1_115' title='bbox 1087 1868 1172 1958; x_wconf 86' lang='lat' dir='ltr'><strong>Regi</strong></span> <span class='ocrx_word' id='word_1_116' title='bbox 1195 1865 1270 1938; x_wconf 34' lang='lat' dir='ltr'><strong>&#39;mo-</strong></span> 
     </span>
     <span class='ocr_line' id='line_1_17' title="bbox 130 1983 1267 2064; baseline -0.001 -19"><span class='ocrx_word' id='word_1_117' title='bbox 130 1983 212 2045; x_wconf 89' lang='lat' dir='ltr'><strong>lesti</strong></span> <span class='ocrx_word' id='word_1_118' title='bbox 235 1990 363 2062; x_wconf 84' lang='lat' dir='ltr'><strong>essent,</strong></span> <span class='ocrx_word' id='word_1_119' title='bbox 387 1989 419 2044; x_wconf 88' lang='lat' dir='ltr'><strong>et</strong></span> <span class='ocrx_word' id='word_1_120' title='bbox 441 2002 475 2044; x_wconf 91' lang='lat' dir='ltr'><strong>se</strong></span> <span class='ocrx_word' id='word_1_121' title='bbox 498 1984 656 2062; x_wconf 89' lang='lat' dir='ltr'><strong>potiorem</strong></span> <span class='ocrx_word' id='word_1_122' title='bbox 675 1983 777 2062; x_wconf 80' lang='lat' dir='ltr'><strong>Regni</strong></span> <span class='ocrx_word' id='word_1_123' title='bbox 799 1984 944 2046; x_wconf 87' lang='lat' dir='ltr'><strong>Statuam</strong></span> <span class='ocrx_word' id='word_1_124' title='bbox 967 2004 1005 2046; x_wconf 88' lang='lat' dir='ltr'><strong>ae</strong></span> <span class='ocrx_word' id='word_1_125' title='bbox 1015 1983 1171 2047; x_wconf 77' lang='lat' dir='ltr'><strong>ordinum</strong></span> <span class='ocrx_word' id='word_1_126' title='bbox 1192 2002 1267 2064; x_wconf 87' lang='lat' dir='ltr'><strong>par-</strong></span> 
     </span>
     <span class='ocr_line' id='line_1_18' title="bbox 132 2083 1268 2169; baseline -0.001 -17"><span class='ocrx_word' id='word_1_127' title='bbox 132 2095 198 2152; x_wconf 84' lang='lat' dir='ltr'><strong>tem</strong></span> <span class='ocrx_word' id='word_1_128' title='bbox 222 2087 486 2169; x_wconf 84' lang='lat' dir='ltr'><strong>compellassent,</strong></span> <span class='ocrx_word' id='word_1_129' title='bbox 517 2088 602 2149; x_wconf 90' lang='lat' dir='ltr'><strong>idem</strong></span> <span class='ocrx_word' id='word_1_130' title='bbox 626 2083 758 2162; x_wconf 81' lang='lat' dir='ltr'><strong>perlatis</strong></span> <span class='ocrx_word' id='word_1_131' title='bbox 780 2088 821 2150; x_wconf 91' lang='lat' dir='ltr'><strong>ad</strong></span> <span class='ocrx_word' id='word_1_132' title='bbox 844 2109 879 2151; x_wconf 87' lang='lat' dir='ltr'><strong>se</strong></span> <span class='ocrx_word' id='word_1_133' title='bbox 902 2087 1064 2152; x_wconf 87' lang='lat' dir='ltr'><strong>conclusis</strong></span> <span class='ocrx_word' id='word_1_134' title='bbox 1094 2091 1127 2163; x_wconf 86' lang='lat' dir='ltr'><strong>in</strong></span> <span class='ocrx_word' id='word_1_135' title='bbox 1156 2088 1268 2153; x_wconf 86' lang='lat' dir='ltr'><strong>eadem</strong></span> 
     </span>
     <span class='ocr_line' id='line_1_19' title="bbox 132 2191 1268 2278; baseline -0.001 -20"><span class='ocrx_word' id='word_1_136' title='bbox 132 2197 250 2258; x_wconf 79' lang='lat' dir='ltr'><strong>Diaeta</strong></span> <span class='ocrx_word' id='word_1_137' title='bbox 273 2193 439 2272; x_wconf 89' lang='lat' dir='ltr'><strong>articulis,</strong></span> <span class='ocrx_word' id='word_1_138' title='bbox 464 2191 609 2255; x_wconf 87' lang='lat' dir='ltr'><strong>ultimum</strong></span> <span class='ocrx_word' id='word_1_139' title='bbox 634 2212 691 2255; x_wconf 90' lang='lat' dir='ltr'><strong>seu</strong></span> <span class='ocrx_word' id='word_1_140' title='bbox 714 2200 800 2255; x_wconf 81' lang='lat' dir='ltr'><strong>22um</strong></span> <span class='ocrx_word' id='word_1_141' title='bbox 823 2194 1004 2258; x_wconf 64' lang='lat' dir='ltr'><strong>addiderit}</strong></span> <span class='ocrx_word' id='word_1_142' title='bbox 1026 2194 1059 2257; x_wconf 96' lang='lat' dir='ltr'><strong>in</strong></span> <span class='ocrx_word' id='word_1_143' title='bbox 1080 2214 1141 2278; x_wconf 85' lang='lat' dir='ltr'><strong>quo</strong></span> <span class='ocrx_word' id='word_1_144' title='bbox 1157 2213 1268 2257; x_wconf 87' lang='lat' dir='ltr'><strong>omnes</strong></span> 
     </span>
     <span class='ocr_line' id='line_1_20' title="bbox 131 2299 1268 2384; baseline -0.001 -21"><span class='ocrx_word' id='word_1_145' title='bbox 131 2301 379 2364; x_wconf 85' lang='lat' dir='ltr'><strong>constitutiones</strong></span> <span class='ocrx_word' id='word_1_146' title='bbox 407 2319 426 2360; x_wconf 88' lang='lat' dir='ltr'><strong>a</strong></span> <span class='ocrx_word' id='word_1_147' title='bbox 452 2300 653 2379; x_wconf 73' lang='lat' dir='ltr'><strong>‘temporibus</strong></span> <span class='ocrx_word' id='word_1_148' title='bbox 683 2300 715 2361; x_wconf 91' lang='lat' dir='ltr'><strong>S.</strong></span> <span class='ocrx_word' id='word_1_149' title='bbox 742 2301 897 2384; x_wconf 84' lang='lat' dir='ltr'><strong>Stephani</strong></span> <span class='ocrx_word' id='word_1_150' title='bbox 924 2303 958 2362; x_wconf 91' lang='lat' dir='ltr'><strong>in</strong></span> <span class='ocrx_word' id='word_1_151' title='bbox 988 2299 1268 2364; x_wconf 86' lang='lat' dir='ltr'><strong>favorem-domi·</strong></span> 
     </span>
     <span class='ocr_line' id='line_1_21' title="bbox 131 2403 1270 2486; baseline 0.002 -17"><span class='ocrx_word' id='word_1_152' title='bbox 131 2408 240 2469; x_wconf 87' lang='lat' dir='ltr'><strong>nautis</strong></span> <span class='ocrx_word' id='word_1_153' title='bbox 271 2404 451 2486; x_wconf 81' lang='lat' dir='ltr'><strong>Religionis</strong></span> <span class='ocrx_word' id='word_1_154' title='bbox 482 2403 687 2467; x_wconf 82' lang='lat' dir='ltr'><strong>Orthodonae</strong></span> <span class='ocrx_word' id='word_1_155' title='bbox 717 2407 864 2470; x_wconf 89' lang='lat' dir='ltr'><strong>conditas</strong></span> <span class='ocrx_word' id='word_1_156' title='bbox 905 2407 1030 2470; x_wconf 65' lang='lat' dir='ltr'><strong>nodie!</strong></span> <span class='ocrx_word' id='word_1_157' title='bbox 1058 2407 1270 2474; x_wconf 79' lang='lat' dir='ltr'><strong>confirmavit.</strong></span> 
     </span>
     <span class='ocr_line' id='line_1_22' title="bbox 132 2509 1269 2595; baseline 0 -20"><span class='ocrx_word' id='word_1_158' title='bbox 132 2512 373 2575; x_wconf 80' lang='lat' dir='ltr'><strong>Constitutione</strong></span> <span class='ocrx_word' id='word_1_159' title='bbox 395 2510 456 2572; x_wconf 87' lang='lat' dir='ltr'><strong>hnc</strong></span> <span class='ocrx_word' id='word_1_160' title='bbox 474 2509 641 2588; x_wconf 86' lang='lat' dir='ltr'><strong>commotis</strong></span> <span class='ocrx_word' id='word_1_161' title='bbox 659 2512 919 2576; x_wconf 82' lang='lat' dir='ltr'><strong>Anatholicorum</strong></span> <span class='ocrx_word' id='word_1_162' title='bbox 942 2515 1077 2592; x_wconf 81' lang='lat' dir='ltr'><strong>animis,</strong></span> <span class='ocrx_word' id='word_1_163' title='bbox 1099 2514 1269 2595; x_wconf 87' lang='lat' dir='ltr'><strong>perturba·</strong></span> 
     </span>
     <span class='ocr_line' id='line_1_23' title="bbox 131 2614 1270 2700; baseline -0.004 -18"><span class='ocrx_word' id='word_1_164' title='bbox 131 2621 241 2700; x_wconf 82' lang='lat' dir='ltr'><strong>tlsque</strong></span> <span class='ocrx_word' id='word_1_165' title='bbox 264 2618 376 2678; x_wconf 90' lang='lat' dir='ltr'><strong>eodem</strong></span> <span class='ocrx_word' id='word_1_166' title='bbox 399 2624 540 2695; x_wconf 85' lang='lat' dir='ltr'><strong>tempore</strong></span> <span class='ocrx_word' id='word_1_167' title='bbox 563 2614 830 2679; x_wconf 81' lang='lat' dir='ltr'><strong>&#39;l&#39;ranssilvauicis</strong></span> <span class='ocrx_word' id='word_1_168' title='bbox 855 2621 950 2680; x_wconf 82' lang='lat' dir='ltr'><strong>ctiam</strong></span> <span class='ocrx_word' id='word_1_169' title='bbox 969 2619 1128 2700; x_wconf 87' lang='lat' dir='ltr'><strong>negotiis,</strong></span> <span class='ocrx_word' id='word_1_170' title='bbox 1151 2635 1270 2700; x_wconf 85' lang='lat' dir='ltr'><strong>oppor-</strong></span> 
     </span>
     <span class='ocr_line' id='line_1_24' title="bbox 131 2720 1270 2804; baseline -0.002 -18"><span class='ocrx_word' id='word_1_171' title='bbox 131 2733 211 2786; x_wconf 90' lang='lat' dir='ltr'><strong>tnua</strong></span> <span class='ocrx_word' id='word_1_172' title='bbox 241 2724 301 2786; x_wconf 89' lang='lat' dir='ltr'><strong>hac</strong></span> <span class='ocrx_word' id='word_1_173' title='bbox 331 2725 499 2785; x_wconf 88' lang='lat' dir='ltr'><strong>occasione</strong></span> <span class='ocrx_word' id='word_1_174' title='bbox 524 2740 601 2782; x_wconf 90' lang='lat' dir='ltr'><strong>usus</strong></span> <span class='ocrx_word' id='word_1_175' title='bbox 633 2727 682 2781; x_wconf 87' lang='lat' dir='ltr'><strong>est</strong></span> <span class='ocrx_word' id='word_1_176' title='bbox 722 2727 905 2802; x_wconf 78' lang='lat' dir='ltr'><strong>Stephanus</strong></span> <span class='ocrx_word' id='word_1_177' title='bbox 931 2727 1074 2804; x_wconf 78' lang='lat' dir='ltr'><strong>Botsltoy</strong></span> <span class='ocrx_word' id='word_1_178' title='bbox 1103 2720 1146 2785; x_wconf 86' lang='lat' dir='ltr'><strong>ad</strong></span> <span class='ocrx_word' id='word_1_179' title='bbox 1174 2741 1270 2785; x_wconf 86' lang='lat' dir='ltr'><strong>oecu-</strong></span> 
     </span>
     <span class='ocr_line' id='line_1_25' title="bbox 130 2825 1269 2913; baseline -0.001 -21"><span class='ocrx_word' id='word_1_180' title='bbox 130 2829 274 2913; x_wconf 89' lang='lat' dir='ltr'><strong>pandum</strong></span> <span class='ocrx_word' id='word_1_181' title='bbox 305 2825 521 2908; x_wconf 84' lang='lat' dir='ltr'><strong>Principa&#39;tum</strong></span> <span class='ocrx_word' id='word_1_182' title='bbox 544 2825 822 2906; x_wconf 78' lang='lat' dir='ltr'><strong>i&#39;ranssilvaniae,</strong></span> <span class='ocrx_word' id='word_1_183' title='bbox 853 2830 1057 2909; x_wconf 84' lang='lat' dir='ltr'><strong>partiumque</strong></span> <span class='ocrx_word' id='word_1_184' title='bbox 1085 2829 1269 2910; x_wconf 83' lang='lat' dir='ltr'><strong>ilungarlae</strong></span> 
     </span>
     <span class='ocr_line' id='line_1_26' title="bbox 132 2932 1270 3015; baseline -0.001 -17"><span class='ocrx_word' id='word_1_185' title='bbox 132 2935 354 3014; x_wconf 89' lang='lat' dir='ltr'><strong>dominatum,</strong></span> <span class='ocrx_word' id='word_1_186' title='bbox 381 2934 674 3015; x_wconf 83' lang='lat' dir='ltr'><strong>quemamhiebat,</strong></span> <span class='ocrx_word' id='word_1_187' title='bbox 707 2934 943 3014; x_wconf 71' lang='lat' dir='ltr'><strong>arripiendum,</strong></span> <span class='ocrx_word' id='word_1_188' title='bbox 975 2941 1070 3014; x_wconf 84' lang='lat' dir='ltr'><strong>atque</strong></span> <span class='ocrx_word' id='word_1_189' title='bbox 1098 2932 1270 2998; x_wconf 85' lang='lat' dir='ltr'><strong>conciliata</strong></span> 
     </span>
     <span class='ocr_line' id='line_1_27' title="bbox 132 3039 1283 3120; baseline -0.003 -14"><span class='ocrx_word' id='word_1_190' title='bbox 132 3043 201 3106; x_wconf 87' lang='lat' dir='ltr'><strong>sihi</strong></span> <span class='ocrx_word' id='word_1_191' title='bbox 232 3060 346 3120; x_wconf 88' lang='lat' dir='ltr'><strong>magua</strong></span> <span class='ocrx_word' id='word_1_192' title='bbox 375 3040 636 3116; x_wconf 89' lang='lat' dir='ltr'><strong>adhaerentium,</strong></span> <span class='ocrx_word' id='word_1_193' title='bbox 667 3041 868 3118; x_wconf 87' lang='lat' dir='ltr'><strong>potissimum</strong></span> <span class='ocrx_word' id='word_1_194' title='bbox 899 3039 1178 3119; x_wconf 85' lang='lat' dir='ltr'><strong>Acatholicorum,</strong></span> <span class='ocrx_word' id='word_1_195' title='bbox 1208 3041 1283 3103; x_wconf 45' lang='lat' dir='ltr'><strong>suh*</strong></span> 
     </span>
     <span class='ocr_line' id='line_1_28' title="bbox 131 3143 1269 3233; baseline -0.003 -22"><span class='ocrx_word' id='word_1_196' title='bbox 131 3152 303 3233; x_wconf 83' lang='lat' dir='ltr'><strong>praetextu</strong></span> <span class='ocrx_word' id='word_1_197' title='bbox 332 3143 542 3207; x_wconf 86' lang='lat' dir='ltr'><strong>vindicandae</strong></span> <span class='ocrx_word' id='word_1_198' title='bbox 573 3143 742 3224; x_wconf 80' lang='lat' dir='ltr'><strong>religionis</strong></span> <span class='ocrx_word' id='word_1_199' title='bbox 773 3143 951 3224; x_wconf 87' lang='lat' dir='ltr'><strong>libertatis,</strong></span> <span class='ocrx_word' id='word_1_200' title='bbox 992 3147 1085 3228; x_wconf 87' lang='lat' dir='ltr'><strong>eopia</strong></span> <span class='ocrx_word' id='word_1_201' title='bbox 1115 3145 1157 3210; x_wconf 87' lang='lat' dir='ltr'><strong>ad</strong></span> <span class='ocrx_word' id='word_1_202' title='bbox 1186 3143 1269 3209; x_wconf 88' lang='lat' dir='ltr'><strong>illud</strong></span> 
     </span>
     <span class='ocr_line' id='line_1_29' title="bbox 133 3246 1269 3334; baseline -0.001 -17"><span class='ocrx_word' id='word_1_203' title='bbox 133 3255 310 3317; x_wconf 90' lang='lat' dir='ltr'><strong>discrimen</strong></span> <span class='ocrx_word' id='word_1_204' title='bbox 328 3250 570 3330; x_wconf 86' lang='lat' dir='ltr'><strong>Rempnblieam</strong></span> <span class='ocrx_word' id='word_1_205' title='bbox 592 3249 745 3325; x_wconf 82' lang='lat' dir='ltr'><strong>adduxit,</strong></span> <span class='ocrx_word' id='word_1_206' title='bbox 767 3250 1079 3334; x_wconf 80' lang='lat' dir='ltr'><strong>utRenRudolphus</strong></span> <span class='ocrx_word' id='word_1_207' title='bbox 1095 3246 1155 3316; x_wconf 86' lang='lat' dir='ltr'><strong>sub</strong></span> <span class='ocrx_word' id='word_1_208' title='bbox 1173 3253 1269 3316; x_wconf 77' lang='lat' dir='ltr'><strong>dne!</strong></span> 
     </span>
     <span class='ocr_line' id='line_1_30' title="bbox 106 3356 1270 3442; baseline 0 -19"><span class='ocrx_word' id='word_1_209' title='bbox 106 3378 110 3383; x_wconf 86' lang='lat'><em>·</em></span> <span class='ocrx_word' id='word_1_210' title='bbox 132 3358 266 3442; x_wconf 88' lang='lat' dir='ltr'><strong>Imperii</strong></span> <span class='ocrx_word' id='word_1_211' title='bbox 284 3359 335 3420; x_wconf 90' lang='lat' dir='ltr'><strong>sni</strong></span> <span class='ocrx_word' id='word_1_212' title='bbox 356 3359 389 3419; x_wconf 91' lang='lat' dir='ltr'><strong>in</strong></span> <span class='ocrx_word' id='word_1_213' title='bbox 406 3357 709 3423; x_wconf 80' lang='lat' dir='ltr'><strong>Tractatuml’acis</strong></span> <span class='ocrx_word' id='word_1_214' title='bbox 731 3356 989 3421; x_wconf 86' lang='lat' dir='ltr'><strong>condescendere</strong></span> <span class='ocrx_word' id='word_1_215' title='bbox 1010 3366 1142 3422; x_wconf 86' lang='lat' dir='ltr'><strong>coactus</strong></span> <span class='ocrx_word' id='word_1_216' title='bbox 1159 3358 1270 3423; x_wconf 81' lang='lat' dir='ltr'><strong>fuerit.</strong></span> 
     </span>
    </p>

    <p class='ocr_par' dir='ltr' id='par_1_3' title="bbox 132 3443 1325 4388">
     <span class='ocr_line' id='line_1_31' title="bbox 184 3443 1269 3538; baseline -0.002 -11"><span class='ocrx_word' id='word_1_217' title='bbox 184 3506 190 3513; x_wconf 92' lang='lat'><em>-</em></span> <span class='ocrx_word' id='word_1_218' title='bbox 238 3467 275 3538; x_wconf 94' lang='lat' dir='ltr'><strong>h)</strong></span> <span class='ocrx_word' id='word_1_219' title='bbox 299 3465 356 3526; x_wconf 86' lang='lat' dir='ltr'><strong>Ab</strong></span> <span class='ocrx_word' id='word_1_220' title='bbox 379 3484 438 3525; x_wconf 88' lang='lat' dir='ltr'><strong>an.</strong></span> <span class='ocrx_word' id='word_1_221' title='bbox 465 3468 556 3524; x_wconf 91' lang='grc'><strong>1606.</strong></span> <span class='ocrx_word' id='word_1_222' title='bbox 586 3482 661 3523; x_wconf 81' lang='lat' dir='ltr'><strong>serr</strong></span> <span class='ocrx_word' id='word_1_223' title='bbox 684 3463 1008 3526; x_wconf 85' lang='lat' dir='ltr'><strong>Pacifieatione</strong></span> <span class='ocrx_word' id='word_1_224' title='bbox 1030 3443 1269 3527; x_wconf 80' lang='lat' dir='ltr'><strong>Viennensi</strong></span> 
     </span>
     <span class='ocr_line' id='line_1_32' title="bbox 132 3566 1279 3661; baseline -0.002 -28"><span class='ocrx_word' id='word_1_225' title='bbox 132 3590 268 3661; x_wconf 69' lang='lat' dir='ltr'><strong>nappe</strong></span> <span class='ocrx_word' id='word_1_226' title='bbox 308 3588 453 3631; x_wconf 89' lang='lat' dir='ltr'><strong>annum</strong></span> <span class='ocrx_word' id='word_1_227' title='bbox 487 3571 579 3628; x_wconf 88' lang='grc'><strong>1681.</strong></span> <span class='ocrx_word' id='word_1_228' title='bbox 619 3587 692 3628; x_wconf 92' lang='lat' dir='ltr'><strong>seu</strong></span> <span class='ocrx_word' id='word_1_229' title='bbox 731 3566 959 3630; x_wconf 85' lang='lat' dir='ltr'><strong>Articulos</strong></span> <span class='ocrx_word' id='word_1_230' title='bbox 993 3566 1171 3630; x_wconf 79' lang='lat' dir='ltr'><strong>Diaetae</strong></span> <span class='ocrx_word' id='word_1_231' title='bbox 1200 3570 1279 3631; x_wconf 84' lang='lat' dir='ltr'><strong>So-.</strong></span> 
     </span>
     <span class='ocr_line' id='line_1_33' title="bbox 135 3672 1325 3757; baseline 0.002 -20"><span class='ocrx_word' id='word_1_232' title='bbox 135 3677 408 3757; x_wconf 86' lang='lat' dir='ltr'><strong>pruniensis.</strong></span> <span class='ocrx_word' id='word_1_233' title='bbox 442 3675 507 3734; x_wconf 82' lang='lat' dir='ltr'><strong>l&#39;ax</strong></span> <span class='ocrx_word' id='word_1_234' title='bbox 538 3692 620 3735; x_wconf 90' lang='lat' dir='ltr'><strong>auno</strong></span> <span class='ocrx_word' id='word_1_235' title='bbox 645 3676 737 3733; x_wconf 89' lang='grc'><strong>1666.</strong></span> <span class='ocrx_word' id='word_1_236' title='bbox 771 3672 913 3736; x_wconf 89' lang='lat' dir='ltr'><strong>Viennae</strong></span> <span class='ocrx_word' id='word_1_237' title='bbox 945 3673 1029 3734; x_wconf 89' lang='lat' dir='ltr'><strong>inter</strong></span> <span class='ocrx_word' id='word_1_238' title='bbox 1050 3678 1206 3736; x_wconf 80' lang='lat' dir='ltr'><strong>Matbiam</strong></span> <span class='ocrx_word' id='word_1_239' title='bbox 1228 3678 1273 3738; x_wconf 87' lang='grc'><strong>11.</strong></span> <span class='ocrx_word' id='word_1_240' title='bbox 1323 3735 1325 3740; x_wconf 85' lang='grc'><strong>.</strong></span> 
     </span>
     <span class='ocr_line' id='line_1_34' title="bbox 134 3768 1271 3860; baseline -0.002 -16"><span class='ocrx_word' id='word_1_241' title='bbox 134 3782 265 3844; x_wconf 90' lang='lat' dir='ltr'><strong>nomine</strong></span> <span class='ocrx_word' id='word_1_242' title='bbox 286 3777 453 3860; x_wconf 87' lang='lat' dir='ltr'><strong>Rndolphi</strong></span> <span class='ocrx_word' id='word_1_243' title='bbox 476 3768 595 3859; x_wconf 83' lang='lat' dir='ltr'><strong>Regis,</strong></span> <span class='ocrx_word' id='word_1_244' title='bbox 627 3784 659 3839; x_wconf 88' lang='lat' dir='ltr'><strong>et</strong></span> <span class='ocrx_word' id='word_1_245' title='bbox 680 3777 851 3840; x_wconf 84' lang='lat' dir='ltr'><strong>factionein</strong></span> <span class='ocrx_word' id='word_1_246' title='bbox 873 3776 1107 3858; x_wconf 78' lang='lat' dir='ltr'><strong>Botslayanam</strong></span> <span class='ocrx_word' id='word_1_247' title='bbox 1129 3778 1271 3842; x_wconf 88' lang='lat' dir='ltr'><strong>solenni·</strong></span> 
     </span>
     <span class='ocr_line' id='line_1_35' title="bbox 135 3880 1271 3966; baseline -0.004 -15"><span class='ocrx_word' id='word_1_248' title='bbox 135 3894 188 3951; x_wconf 83' lang='lat' dir='ltr'><strong>ter</strong></span> <span class='ocrx_word' id='word_1_249' title='bbox 211 3884 374 3965; x_wconf 78' lang='lat' dir='ltr'><strong>conclausa,</strong></span> <span class='ocrx_word' id='word_1_250' title='bbox 398 3887 457 3947; x_wconf 76' lang='lat' dir='ltr'><strong>surb</strong></span> <span class='ocrx_word' id='word_1_251' title='bbox 480 3884 607 3946; x_wconf 89' lang='lat' dir='ltr'><strong>nornine</strong></span> <span class='ocrx_word' id='word_1_252' title='bbox 630 3886 863 3959; x_wconf 70' lang='lat' dir='ltr'><strong>Pacificotv‘onis</strong></span> <span class='ocrx_word' id='word_1_253' title='bbox 886 3889 1076 3946; x_wconf 80' lang='lat' dir='ltr'><strong>Viersncusis</strong></span> <span class='ocrx_word' id='word_1_254' title='bbox 1096 3880 1197 3966; x_wconf 88' lang='lat' dir='ltr'><strong>noia,</strong></span> <span class='ocrx_word' id='word_1_255' title='bbox 1222 3882 1271 3947; x_wconf 75' lang='lat' dir='ltr'><strong>in·-</strong></span> 
     </span>
     <span class='ocr_line' id='line_1_36' title="bbox 134 3988 1293 4072; baseline -0.003 -16"><span class='ocrx_word' id='word_1_256' title='bbox 134 3999 188 4056; x_wconf 84' lang='lat' dir='ltr'><strong>ier</strong></span> <span class='ocrx_word' id='word_1_257' title='bbox 209 3992 374 4072; x_wconf 90' lang='lat' dir='ltr'><strong>complura</strong></span> <span class='ocrx_word' id='word_1_258' title='bbox 397 3988 462 4052; x_wconf 88' lang='lat' dir='ltr'><strong>alia</strong></span> <span class='ocrx_word' id='word_1_259' title='bbox 483 3992 698 4070; x_wconf 84' lang='lat' dir='ltr'><strong>gravaminum</strong></span> <span class='ocrx_word' id='word_1_260' title='bbox 719 3996 836 4071; x_wconf 84' lang='lat' dir='ltr'><strong>puncta</strong></span> <span class='ocrx_word' id='word_1_261' title='bbox 857 3988 1079 4072; x_wconf 88' lang='lat' dir='ltr'><strong>principaliter</strong></span> <span class='ocrx_word' id='word_1_262' title='bbox 1108 3993 1272 4072; x_wconf 88' lang='lat' dir='ltr'><strong>negotium</strong></span> <span class='ocrx_word' id='word_1_263' title='bbox 1291 4038 1293 4042; x_wconf 58' lang='grc'><em>»</em></span> 
     </span>
     <span class='ocr_line' id='line_1_37' title="bbox 140 4094 1272 4179; baseline -0.001 -17"><span class='ocrx_word' id='word_1_264' title='bbox 140 4098 322 4179; x_wconf 78' lang='lat' dir='ltr'><strong>Religionis</strong></span> <span class='ocrx_word' id='word_1_265' title='bbox 338 4094 490 4160; x_wconf 80' lang='lat' dir='ltr'><strong>&#39;Articulo</strong></span> <span class='ocrx_word' id='word_1_266' title='bbox 514 4098 537 4156; x_wconf 93' lang='grc'><strong>1.</strong></span> <span class='ocrx_word' id='word_1_267' title='bbox 562 4095 801 4171; x_wconf 81' lang='lat' dir='ltr'><strong>determinavit,</strong></span> <span class='ocrx_word' id='word_1_268' title='bbox 834 4103 928 4175; x_wconf 85' lang='lat' dir='ltr'><strong>atque</strong></span> <span class='ocrx_word' id='word_1_269' title='bbox 956 4101 1090 4160; x_wconf 75' lang='lat' dir='ltr'><strong>liberunt</strong></span> <span class='ocrx_word' id='word_1_270' title='bbox 1112 4099 1272 4178; x_wconf 79' lang='lat' dir='ltr'><strong>Augusta-</strong></span> 
     </span>
     <span class='ocr_line' id='line_1_38' title="bbox 135 4200 1275 4284; baseline -0.003 -18"><span class='ocrx_word' id='word_1_271' title='bbox 135 4224 197 4267; x_wconf 90' lang='lat' dir='ltr'><strong>nae</strong></span> <span class='ocrx_word' id='word_1_272' title='bbox 221 4211 253 4266; x_wconf 89' lang='lat' dir='ltr'><strong>ct</strong></span> <span class='ocrx_word' id='word_1_273' title='bbox 275 4202 458 4265; x_wconf 85' lang='lat' dir='ltr'><strong>Helveticae</strong></span> <span class='ocrx_word' id='word_1_274' title='bbox 481 4201 689 4264; x_wconf 80' lang='lat' dir='ltr'><strong>Confessioni</strong></span> <span class='ocrx_word' id='word_1_275' title='bbox 712 4200 852 4265; x_wconf 86' lang='lat' dir='ltr'><strong>addictis·</strong></span> <span class='ocrx_word' id='word_1_276' title='bbox 881 4204 1076 4283; x_wconf 87' lang='lat' dir='ltr'><strong>generatim,</strong></span> <span class='ocrx_word' id='word_1_277' title='bbox 1108 4200 1275 4284; x_wconf 77' lang='lat' dir='ltr'><strong>absquae</strong></span> 
     </span>
     <span class='ocr_line' id='line_1_39' title="bbox 135 4306 1278 4388; baseline 0 -16"><span class='ocrx_word' id='word_1_278' title='bbox 135 4317 280 4372; x_wconf 89' lang='lat' dir='ltr'><strong>tamen</strong></span> <span class='ocrx_word' id='word_1_279' title='bbox 320 4307 600 4388; x_wconf 86' lang='lat' dir='ltr'><strong>praeiudicio</strong></span> <span class='ocrx_word' id='word_1_280' title='bbox 633 4306 892 4370; x_wconf 85' lang='lat' dir='ltr'><strong>Catholicae</strong></span> <span class='ocrx_word' id='word_1_281' title='bbox 922 4311 1130 4372; x_wconf 86' lang='lat' dir='ltr'><strong>Romanae</strong></span> <span class='ocrx_word' id='word_1_282' title='bbox 1159 4307 1278 4372; x_wconf 86' lang='lat' dir='ltr'><strong>Reli·</strong></span> 
     </span>
    </p>
   </div>
   <div class='ocr_carea' id='block_1_3' title="bbox 0 0 1404 4838">
    <p class='ocr_par' dir='ltr' id='par_1_4' title="bbox 0 0 1404 4838">
     <span class='ocr_line' id='line_1_40' title="bbox 0 0 1404 4838; baseline 0 0"><span class='ocrx_word' id='word_1_283' title='bbox 0 0 1404 4838; x_wconf 95' lang='lat' dir='ltr'><strong> </strong></span> 
     </span>
    </p>
   </div>
  </div>
 </body>
</html>
