2798 4838
497 261 746 369 ‘24⁵-

57 408 247 488 pressiones
270 404 474 470 duriuscuiac
497 405 655 487 emolliri,
688 412 720 470 et
750 409 860 489 praxis
883 408 992 471 mittor
1020 407 1063 470 sd
1093 426 1197 470 exem·

57 511 148 595 plum
180 515 415 594 provinciarum
447 514 550 594 Regni
580 511 793 577 Orientalium
822 513 932 576 induet
963 514 1101 596 posseti
1138 514 1204 594 oto
1313 519 1318 523 “

59 605 304 699 expugnabatur
324 623 562 699 Arcbiepr'soopr'
593 624 788 681 cotoniensis
812 619 1092 681 ‘Eerdiuandi
1123 621 1198 684 Λιι-

59 725 183 805 gusti
207 726 393 787 Comitis
416 746 434 787 a
456 723 634 808 Spiegel
657 727 799 802 animus,
819 726 872 803 qui
889 745 970 787 anno
985 725 1091 787 adbuc
1104 729 1208 789 1832..

59 837 93 893 ut
114 831 221 912 priori
239 831 371 912 Epocba
394 831 594 893 ostendimus
609 825 696 911 ⁴⁷⁹),
720 831 759 904 de
781 850 817 893 re
838 833 1008 894 mixtorum
1031 832 1197 895 matrimo-

59 937 186 999 niorum
209 935 406 1021 orthodoxe,
437 957 494 999 seu
525 937 696 1019 principiis
717 934 885 999 Ecclesiae
909 934 1096 1001 Catholicae
1119 956 1197 998 con·

59 1042 210 1104 formiter
231 1045 342 1105 sensit.
367 1042 488 1105 Sedet
511 1024 941 1105 Trevircnai‘umdottstitem
964 1041 1196 1124 Josepbuur

60 1150 96 1211 ab
120 1150 317 1210 Hommer
337 1146 507 1210 difficilem
529 1150 624 1210 initio
648 1169 683 1209 se
706 1150 915 1229 praebuisse,
939 1169 977 1211 ex
999 1149 1104 1230 magni
1127 1167 1196 1209 mo-

60 1254 159 1316 menti
181 1252 332 1334 Epistola
353 1261 508 1335 apparet,
539 1273 630 1333 quam
660 1254 712 1316 dte
735 1259 765 1316 4.
788 1256 918 1319 Octobr.
944 1260 1037 1317 1832.
1066 1253 1107 1317 ad
1130 1256 1196 1315 Re·

59 1361 146 1441 pum
168 1361 353 1422 Ministrum
376 1359 475 1422 dedit.
506 1359 542 1422 lu
563 1360 623 1422 hac
648 1361 765 1442 quippe
788 1362 931 1442 exposita
954 1360 1114 1423 constanti
1136 1358 1197 1423 do·

60 1468 160 1528 ctrina
184 1463 351 1528 Ecclesiae
373 1467 469 1528 mixta
493 1467 650 1528 connubia
680 1467 901 1547 reprobantis,
931 1466 1066 1529 candide
1094 1467 1196 1549 profi·

59 1577 162 1634 tetur:
195 1571 358 1652 postulata
381 1573 560 1651 Regiminis
592 1571 784 1633 adsensum
807 1573 967 1633 mitiorem
989 1574 1084 1634 Brevi
1105 1572 1200 1652 Apo<

59 1675 403 1739 rtolico.tribueudum
427 1677 589 1739 tendentia
610 1678 644 1740 ln
667 1678 814 1739 effectum
837 1676 952 1739 deduci
975 1678 1060 1740 baud
1082 1695 1192 1757 posse,

59 1789 154 1864 prout
174 1802 234 1843 nec
258 1801 387 1845 examen
410 1803 644 1864 congruamque
675 1783 919 1846 instructionem
947 1785 1048 1865 partis
1080 1783 1194 1844 catho-

58 1884 137 1951 licae
160 1894 234 1950 ante
250 1891 379 1967 nuptias
397 1889 589 1969 intermitti,
611 1909 669 1950 nec
692 1909 710 1950 a
733 1909 845 1952 norma
868 1891 899 1951 in
909 1891 1000 1953 Brevi
1021 1888 1196 1970 indigitata

59 1995 261 2057 assistentiae
283 2013 341 2077 per
363 1995 568 2058 Sacerdotem
591 1995 797 2058 Catholicum
818 1996 1029 2078 praestandae
1058 1995 1194 2078 propria

59 2101 291 2184 Episcoporum
313 2102 503 2164 auctoritate
525 2099 652 2181 recedi,
674 2100 845 2182 taliterque
868 2104 1025 2186 majores,
1055 2121 1093 2163 ao
1114 2102 1193 2162 Bre-

60 2208 218 2288 reipsum
249 2207 426 2284 contiueat,
461 2208 685 2270 concessiones
714 2209 796 2271 tieri.
828 2209 962 2272 Praeter
992 2209 1073 2270 haec
1104 2226 1192 2268 com·

61 2311 185 2375 mendat
212 2313 397 2374 Ministerio
428 2313 531 2393 Regio
563 2312 828 2394 vigilantissimus
858 2312 1011 2395 Praesul,
1040 2320 1076 2376 ut
1107 2311 1195 2375 omni
1317 2326 1319 2330 “
1353 2348 1356 2365 ι

61 2439 127 2481 oum
151 2416 276 2481 cautela
298 2419 332 2479 iu
354 2420 543 2497 gravissimo
566 2419 738 2482 mixtorum
766 2421 1042 2483 matrimoniorum
1063 2419 1195 2502 negotio

62 2524 232 2605 procedat,
261 2531 294 2584 et
315 2544 380 2585 uon
402 2531 612 2606 properanter
633 2546 671 2589 ac
694 2525 811 2589 mediis
833 2528 986 2589 coactivis
1014 2546 1129 2589 novam
1158 2525 1192 2588 ln

60 2630 231 2712 provincii
242 2629 346 2692 Rheni
363 2631 487 2711 praxim
510 2629 663 2693 inducere
692 2633 834 2709 nitatur,
858 2652 875 2692 e
898 2651 958 2710 qua
989 2633 1118 2694 nonnisi
1140 2629 1192 2691 iu·

58 2743 162 2800 nestas
186 2733 333 2814 sequelas
356 2736 494 2797 oritoras
517 2742 604 2798 tanto
622 2737 742 2798 certius
758 2735 945 2817 praevidere
958 2735 1069 2815 liccat,
1091 2755 1193 2817 quan.

57 2847 89 2906 to
118 2841 294 2905 recentiori
323 2841 427 2903 adbuc
459 2842 612 2903 memoria
640 2847 769 2902 teneant
797 2842 1033 2922 provinciarum
1062 2839 1191 2904 illarum

56 2947 181 3012 incolae
211 2945 364 3010 catholici
395 2945 558 3008 solennem
589 2946 725 3026 Regiam
753 2949 1001 3026 promissionem
1041 2946 1081 3009 de
1114 2966 1190 3010 coo-

57 3054 211 3118 rervanda
227 3051 398 3134 Religione
421 3050 600 3115 Catholica.
611 3046 676 3130 ⁴9⁰)

546 3220 583 3315 §-
612 3223 700 3295 rar.

9 3363 15 3378 '
57 3363 235 3424 ramosa
272 3361 501 3421 conventio
536 3361 833 3422 Beroltnerasts
867 3363 940 3421 dd.
974 3364 1043 3421 10.
1067 3362 1193 3422 sunu

59 3459 182 3515 188¹.
214 3455 330 3514 tuter·
362 3454 618 3527 mueptsc.
661 3453 959 3515 coloniensem
991 3460 1034 3512 et
1067 3455 1191 3512 mnt-

57 3553 196 3608 mm
218 3551 324 3618 Res.
343 3550 520 3606 Eunoen
550 3548 603 3606 de
635 3548 764 3606 Brevi
781 3548 849 3606 1³11
867 3549 979 3607 vm·
996 3546 1044 3606 tn
1060 3560 1193 3606 sensu

417 3639 587 3698 mtttore
606 3640 828 3699 sumendo.
1092 3655 1094 3661 ·

156 3758 244 3821 Vicit
265 3756 394 3822 tandem
416 3758 654 3820 Ministeriumr
686 3765 719 3820 et
747 3759 1038 3840 Archiepircopum
1060 3756 1192 3821 Coloni-

65 3881 180 3944 rnrem,
204 3865 434 3927 tentationibus
451 3866 726 3945 succumbentem,
749 3863 790 3926 ad
807 3867 1055 3927 transactionem
1071 3866 1110 3928 de
1121 3886 1194 3928 sen-

65 3987 94 4032 ιι
115 3972 245 4034 mitiore
268 3969 531 4053 Apostolicorum
552 3968 720 4033 literarum
748 3969 918 4032 ineundam
945 3992 1083 4053 pronum
1104 3971 1193 4034 inve-

69 4076 121 4139 niti
143 4077 319 4163 Postquam
339 4078 449 4157 itaque
472 4076 514 4139 ad
534 4077 781 4140 transactionem
802 4077 989 4140 huiusmodi
1019 4077 1193 4141 ineundam

8 4194 310 4216 '‘hunnus-uun·-

12 4312 15 4317 ,
126 4271 178 4322 479
213 4272 249 4320 ct.
283 4267 372 4321 ‚reu

127 4265 194 4425 idol
212 4362 242 4413 m
255 4263 307 4414 olo.
327 4360 387 4412 idi.
406 4375 468 4430 pag.
488 4360 552 4415 245.
569 4388 606 4402 -
629 4364 663 4411 ct.
692 4363 768 4415 Sion.
794 4363 938 4426 deutoro.
963 4359 1055 4413 1838.
1073 4375 1099 4419 ιι.
1119 4358 1192 4414 810.
