2798 4838
575 229 727 304 -raa
753 270 803 284 -
846 330 851 339 Ι

89 378 90 387 ’
152 398 239 462 preces
261 384 293 440 et
312 374 496 441 benedictio
520 374 713 438 omittendae
735 373 966 451 decernantur,
997 392 1069 436 cum
1096 373 1130 435 iu
1161 373 1245 436 eius-

150 485 215 548 nodi
236 502 313 547 casu
333 478 483 546 Ecclesia
504 501 563 543 nec
585 481 736 561 suadere,
762 501 820 542 nec
838 477 1060 541 commendare
1074 476 1151 543 talia
1170 500 1246 541 cou-

149 591 222 654 uubia
243 589 371 651 censeri
391 587 518 668 possit,
540 587 599 649 sed
621 585 725 649 solum
753 586 788 649 id
817 585 998 648 declarare:
1021 583 1108 666 quod
1129 604 1166 648 ca
1186 606 1246 648 nee

148 697 191 758 lori
208 701 339 757 naturae
360 712 421 755 nec
442 691 549 754 divino
571 685 770 773 repugnent,
796 712 833 754 ac
863 692 955 772 proin
986 688 1136 753 Ecclesia
1163 688 1246 754 tole-

148 808 183 863 ret
198 798 434 878 tantummodo,
457 796 544 878 quod
566 796 720 878 impedire
742 800 863 879 nequit.
888 793 951 869 240>

225 908 277 968 43.
301 902 456 967 Gallus
478 904 671 982 Gortier,
694 905 727 964 in
752 908 917 980 uueoomtc
948 905 1159 965 moerentia
1179 907 1245 965 llo·

148 1015 244 1089 lpiorir
264 1014 455 1072 Monoctero'r'
471 1014 512 1070 D.
536 1012 682 1092 Etcouc‘a,
703 1015 797 1087 culpo
826 1013 1172 1071 Ettcroboc'm-itiuootcr
1192 1012 1246 1071 ‹u-

145 1121 189 1194 ca,
210 1119 283 1178 ord.
306 1121 341 1176 S.
365 1119 481 1176 Bened.
502 1119 538 1174 io
564 1118 732 1192 Briapocr‘o
760 1120 889 1177 madito.
914 1119 999 1176 Touo.
1028 1117 1085 1175 IV.
1113 1115 1244 1197 Aequa·

89 1240 102 1301 ,ζ
144 1231 182 1283 loc
199 1225 286 1284 Viuo.
307 1225 408 1282 1757.
432 1220 540 1282 Tract.
563 1222 594 1279 8.
619 1219 659 1280 de
681 1220 768 1281 Sacr.
792 1220 934 1283 Matrim.
958 1221 1043 1283 Part.
1067 1224 1097 1282 8.
1118 1239 1187 1300 cap.
1212 1226 1244 1281 2.

89 1338 97 1401 ξ
144 1327 322 1388 mtcimonia
342 1323 576 1387 catholicorum
597 1345 668 1386 cum
698 1324 869 1387 haereticis
900 1327 933 1387 iu
963 1326 1133 1390 Germania
1166 1343 1245 1405 pro·

89 1460 96 1495 ς.
143 1431 200 1494 lore
217 1431 360 1511 ridetur,
383 1433 475 1511 quasi
497 1428 619 1491 nullum
641 1428 710 1492 illic
732 1431 838 1492 subsit
858 1429 1037 1511 periculum
1061 1432 1240 1510 perversio-

89 1516 103 1603 a
144 1537 199 1616 ris,
207 1543 248 1598 et
271 1538 299 1597 si
322 1538 417 1598 etlam
441 1542 546 1614 esset,
568 1534 602 1596 id
628 1542 714 1600 certe
740 1524 876 1599 elidatur
905 1556 964 1618 per
992 1555 1081 1615 spem
1111 1554 1243 1599 conver

89 1614 223 1703 donis
241 1640 377 1703 alterius
398 1642 597 1721 coniugis,
586 1660 652 1702 uuo
685 1647 767 1704 teste
797 1643 993 1723 experientia
1023 1642 1139 1704 coniux
1166 1641 1245 1704 luae·

89 1748 237 1817 retices
258 1745 390 1808 facilius
412 1747 455 1807 ad
474 1745 571 1808 fidem
594 1753 815 1827 eonvertatur,
841 1766 934 1827 quarn
968 1745 1149 1809 catholicus
1171 1766 1244 1827 pec·

89 1846 103 1923 i
151 1857 265 1916 remim.
295 1854 429 1915 Dubitat
464 1871 607 1935 quoque,
628 1872 667 1915 an
697 1853 730 1914 in
764 1854 933 1915 Germania
964 1851 1144 1914 benedictio
1173 1854 1242 1916 iure

92 1958 96 1963 '
143 1956 278 2036 puberi
308 1959 431 2039 possit,
461 1978 531 2019 cum
573 1959 683 2036 potius
710 1959 743 2021 in
771 1960 1044 2022 matrimoniorum
1071 1959 1243 2022 mixtorum

89 2078 91 2129 ζ
143 2059 334 2125 celebratione
357 2062 486 2125 eaedem
508 2082 642 2145 prorsus
673 2055 901 2144 solennitates,
924 2066 1058 2145 quaein
1086 2084 1167 2146 pure
1190 2084 1242 2127 ca-

139 2165 265 2249 tholicis,
287 2167 503 2231 observandae
521 2171 657 2232 'ueniant

89 2276 107 2343 j.·
216 2278 268 2336 44.
299 2273 534 2336 Anacletus
564 2275 887 2352 Reiffenstuel,
909 2277 942 2336 iu
971 2281 1055 2339 Jure
1082 2280 1241 2339 cononice

136 2383 273 2442 mucram
306 2385 498 2442 Maccrotoe.
527 2385 631 2442 1760.
664 2385 749 2443 Tem.
782 2386 845 2444 W.
869 2380 926 2443 lib.
950 2386 980 2445 4.
1004 2383 1054 2444 tit.
1078 2388 1105 2444 1.
1134 2386 1163 2456 §.
1190 2387 1238 2444 10.

94 2476 108 2489 ''
135 2487 290 2548 sententiae
315 2486 345 2546 ei
368 2484 608 2547 canonistarum
629 2486 842 2564 contradicit,
866 2488 919 2565 qui
935 2489 1117 2551 existimant
1138 2488 1170 2548 iu
1188 2485 1239 2549 lo-

135 2590 167 2651 eis
184 2589 363 2670 nonnullis,
387 2611 414 2653 e.
436 2611 465 2670 g.
499 2591 689 2670 Germania,
721 2591 846 2669 Gallia,
877 2592 1010 2658 l'olonia
1042 2613 1080 2654 ax
1109 2599 1239 2671 recepta

89 2744 100 2783 ὁ
134 2696 345 2758 consuetudine
367 2703 399 2758 et
413 2694 551 2759 tolerata
569 2695 658 2757 licite
673 2697 748 2764 iniri
769 2706 861 2759 matr.
880 2699 996 2771 mixta3
1015 2705 1125 2758 censet
1142 2698 1237 2776 euim,

89 2818 96 2851 r
132 2797 153 2860 la
168 2804 256 2882 praxi
278 2803 329 2863 vix
352 2821 488 2881 unquam
504 2802 660 2864 removeri
678 2801 862 2862 scandalum
882 2811 913 2862 et
929 2786 1126 2884 periculum,
1143 2821 1236 2880 prae·

131 2909 198 2969 terea
217 2909 253 2969 in
275 2907 447 2969 Germania
469 2916 604 2986 semper·
618 2907 776 2986 tacitum,
799 2908 924 2968 simon
945 2913 1149 2987 scorpionum,
1176 2907 1234 2994 ad-

129 3009 226 3074 lectum
248 3013 363 3074 haberi
383 3020 509 3094 pactum
534 3012 573 3073 de
596 3010 741 3090 prolibus
764 3013 851 3074 iuxta
873 3032 982 3075 sexum
1011 3020 1179 3093 parentum
1195 3015 1235 3077 in

129 3115 269 3200 religione
292 3118 484 3195 educandis,
518 3117 697 3180 cuiusmodi
727 3124 852 3200 pactum
885 3119 927 3181 ait
958 3138 1083 3199 semper
1106 3125 1138 3182 et
1165 3121 1247 3182 ubi-.

89 3294 91 3301 ,
131 3239 176 3300 que
194 3223 360 3302 illicitum,
385 3224 618 3303 iniquissimum
642 3231 673 3285 et
695 3225 835 3302 graviter
862 3226 1127 3304 peccaminosum.
1150 3224 1237 3287 idern

130 3327 342 3408 bumoloyta
354 3334 479 3393 Murali.
495 3334 592 3391 1⁹:111.
613 3335 741 3393 nomae.
767 3335 867 3391 17⁶5.
900 3330 1063 3393 Parochos
1086 3332 1233 3412 energlce
1271 3352 1272 3355 ¹

132 3431 290 3514 lunum,
306 3441 342 3497 ut
364 3435 706 3515 quum-sexcunnubiia
731 3437 837 3497 mixtis
866 3437 986 3516 passim
1015 3436 1137 3497 maiora
1163 3454 1234 3497 eoc-

89 3602 94 3635 r
130 3539 307 3603 nurmala
328 3549 422 3618 quiam
443 3543 547 3619 bona,
570 3538 709 3617 talibus,
743 3539 847 3620 qrroad
868 3547 1034 3622 possomt,
1064 3560 1099 3603 se
1131 3554 1234 3621 oppo-

131 3653 205 3726 nant,
224 3665 395 3726 numquam
416 3665 498 3710 rerer
519 3647 565 3707 ils.
585 3646 763 3721 assistant,
796 3632 835 3705 in‘
863 3646 976 3725 quibus
1006 3646 1118 3726 spousi
1145 3646 1234 3726 paci·

133 3757 240 3828 ttontur
260 3751 411 3832 departe
431 3749 573 3830 prolium
595 3751 628 3812 in
649 3750 775 3822 haeresi
799 3749 971 3815 edumda.

139 3908 357 3932 '‘Q—...—

189 4021 393 4092 tremamus
412 4035 500 4080 autem
518 4010 645 4090 inopere
663 4028 716 4077 isto
738 4018 913 4076 Collatieuum
931 4027 1033 4079 Eccleo.
1051 4029 1140 4079 Porio
1159 4025 1228 4079 rnul-

165 4115 263 4169 ustura
281 4120 498 4170 contineantur·
512 4117 596 4184 plura
613 4124 713 4169 tumen¹
709 4102 833 4167 simui'
825 4134 853 4169 ru
872 4133 904 4172 eo
923 4107 1110 4184 proponuntur
1138 4121 1226 4172 ueteri

160 4198 367 4269 iurioprruieutiac
382 4214 415 4262 de
427 4217 564 4261 contractu
582 4209 657 4263 civili
674 4194 833 4294 matrimonii
853 4215 1040 4276 accomodata,
1060 4226 1128 4273 uuae
1145 4210 1227 4262 bodio
1338 4270 1341 4278 1

103 4319 106 4323 ’
158 4292 232 4348 minu.
251 4310 400 4367 opportuna
417 4303 554 4354 videntur.
652 4332 656 4337 -
