2798 4838
578 249 809 320 -129-

127 389 401 474 promulgationes
424 410 530 453 eoram
552 391 744 470 Magistrum
774 394 841 454 stre
864 389 1007 455 Oiiieiali
1034 392 1120 458 civili
1149 416 1185 461 se
1207 401 1251 463 sl-

131 509 230 578 stere,
250 495 323 559 illic
344 515 437 558 sunm
458 516 647 559 eonsensum
669 495 856 576 declarare,
880 499 920 560 ab
942 518 1062 583 eoque,
1089 504 1252 566 matrimo-

133 607 212 667 nium
232 601 378 684 legitime
400 601 584 665 conclusum
609 622 679 664 esse
701 595 825 665 nomine
847 600 931 686 legis
953 607 1163 689 enunciante,
1192 610 1251 673 lrn-

137 708 265 772 immadi
288 709 541 770 enunciationem
565 709 709 789 recipere
731 708 866 784 debere3
897 709 937 773 de
960 709 1146 777 educatione
1175 732 1252 796 pro·

139 814 224 894 lium,
247 833 413 895 quousque
435 814 495 875 irae
518 815 721 877 minorennes
743 821 835 892 ιιιιιι,
865 815 991 878 Patrem
1014 815 1117 881 tolum
1140 817 1251 903 dispo·

144 941 225 999 nere,
254 939 291 980 eo
313 926 420 981 antem
443 925 568 980 mortno
591 917 723 981 tutelam
754 917 943 983 naturaliter
971 923 1005 984 in
1035 931 1167 989 matrem
1198 946 1252 991 su·

145 1027 290 1107 perutilem
314 1021 438 1085 devolvi
461 1023 608 1102 quidem,
631 1032 681 1086 ast
703 1023 797 1086 simul
818 1027 902 1106 patri
924 1027 1082 1109 integrum
1105 1049 1177 1093 esse
1194 1031 1253 1093 ad·

106 1204 111 1209 ¹
146 1133 193 1194 buc
210 1133 242 1193 in
264 1132 342 1192 vivis
366 1130 495 1210 conirrgi
517 1148 593 1191 suae
621 1128 839 1192 consiliarium
871 1134 1050 1214 quempiam
1078 1154 1135 1198 ceu
1165 1141 1252 1200 tuto-

146 1257 198 1298 rem
218 1238 434 1312 constituere,
455 1236 488 1295 in
512 1234 745 1314 dispositiones
767 1237 851 1298 eirea
874 1236 1091 1302 educationem
1113 1239 1252 1323 prolium

147 1341 344 1404 essentialiter
364 1342 578 1417 iniiuxnrnm3
606 1342 794 1421 coningibus
824 1363 921 1422 porro
944 1351 1035 1425 pacta
1066 1350 1096 1407 et
1119 1365 1253 1410 conven-

147 1449 250 1527 tiones,
282 1466 362 1526 qnae
383 1447 507 1507 iuribus
531 1445 632 1526 patris
661 1447 902 1537 praeiudicent,
932 1449 1013 1511 inire
1044 1458 1171 1515 eautum
1201 1472 1253 1515 ec-

148 1572 192 1632 ιι,
209 1573 315 1615 omnes
339 1558 444 1613 antem
467 1552 691 1613 conventiones
723 1559 760 1614 nt
788 1554 889 1614 robur
909 1552 1065 1633 habeant,
1095 1563 1169 1619 ante
1197 1577 1254 1620 ιιι·

151 1658 215 1739 ptiar
231 1679 337 1721 eoram
361 1656 457 1719 Civili
481 1658 674 1737 Magistrum
696 1656 931 1722 concludendas
954 1661 1077 1740 venire,
1107 1681 1166 1725 nee
1188 1660 1255 1724 am-'

99 1830 103 1853 ·.
156 1762 222 1845 plius
234 1765 353 1827 mutari
375 1783 481 1845 posse.
499 1759 562 1835 ²²⁷)

627 1929 662 2026 a.
690 1933 753 2006 rr.

99 2136 102 2147 ,
149 2075 353 2135 Restituta
371 2088 423 2132 ex
439 2071 707 2153 legislatione
726 2046 946 2131 Gallicana
962 2077 1104 2146 quood
1123 2090 1252 2152 quus.

330 2166 512 2224 attonem
531 2168 583 2223 de
601 2164 745 2224 mixtis
761 2165 1057 2226 matrimoniis.

99 2352 104 2393 ι
229 2329 264 2390 Si
302 2325 537 2409 legislationem
576 2325 841 2409 matrimonialem
881 2326 1079 2393 Gallicanam
1116 2330 1254 2397 decursu

99 2408 111 2609 Ι
148 2435 279 2517 lpoebae
306 2435 547 2496 lruirrs'tertiae
578 2434 756 2514 rigentem,
797 2441 829 2495 et
859 2436 1043 2516 errmprimit
1074 2437 1254 2501 sanctiones

104 2606 107 2611 ,
147 2540 260 2603 dudleia
283 2538 479 2621 Napoleonei
512 2559 657 2620 magnam
685 2537 903 2602 celebritatem
931 2545 964 2601 et
990 2543 1255 2622 propagationem

99 2620 106 2743 l
147 2647 291 2709 consecuti
318 2643 413 2727 paula
444 2647 597 2707 attentius
620 2644 853 2723 expendamus:
885 2647 1050 2725 sequeutia
1080 2645 1182 2710 relate
1213 2647 1256 2711 ad

148 2755 348 2832 quaestionem
371 2751 411 2812 de
433 2752 540 2813 mixtis
562 2750 775 2811 matrimoniis
792 2747 947 2812 resultaia
962 2751 1036 2811 inde
1053 2750 1255 2833 colligimust

99 2746 111 2939 l
148 2861 165 2921 l.
185 2860 279 2939 Cam,
308 2864 344 2918 ut
371 2858 476 2935 primo
508 2856 619 2916 obtutu
647 2854 755 2915 nidere
786 2858 853 2933 est,
884 2851 1063 2935 Legislatio
1087 2854 1256 2924 Gallicana

99 2950 105 3063 ξ
148 2963 249 3045 civilis,
281 2964 425 3044 seposita
448 2962 533 3023 omni
567 2960 608 3022 ad
630 2958 833 3040 Religionem
863 2958 1042 3042 relatione,
1072 2959 1113 3024 de
1143 2964 1255 3027 matri-

147 3072 234 3134 umio
257 3071 349 3150 qnasi
380 3088 467 3130 mere
488 3071 573 3128 civiti
594 3071 741 3145 quopiam
770 3075 938 3130 corrtraetu
965 3065 1054 3148 leges
1086 3071 1254 3150 statuerit,

147 3192 170 3237 a
188 3196 281 3255 vero,
304 3195 384 3256 qnae
400 3173 572 3254 ,religionis
594 3179 685 3251 serni,
714 3171 818 3233 libero
841 3173 1100 3248 contrahentium
1119 3175 1254 3238 arbitrio

146 3298 171 3342 ae
190 3266 403 3344 eonscientiae
425 3277 612 3359 reliquerit,
635 3277 746 3357 sicque
768 3278 881 3338 stricte
903 3278 948 3343 ita
971 3277 1093 3342 dictum
1115 3281 1256 3343 coniu-

99 3388 104 3477 ᾗ
145 3387 235 3465 glum
258 3384 395 3448 civile
422 3384 598 3458 (Civileire)
622 3381 853 3444 introduxerit:
885 3383 924 3445 de
947 3386 1132 3448 assistentia
1154 3385 1255 3449 l’aro·

144 3490 184 3556 rbi
202 3501 362 3572 tamqnam
384 3490 565 3570 Religionis
588 3489 752 3567 Ministri,
772 3490 806 3550 in
830 3488 940 3551 eadem
958 3488 1164 3570 legislatione
1185 3488 1255 3551 iru-

99 3606 105 3635 '·
146 3606 194 3662 stra
214 3598 387 3680 quidquam
411 3597 610 3676 quaerimus,
639 3595 743 3655 minus
765 3593 871 3656 adbuc
893 3594 933 3655 de
956 3615 1016 3673 eo,
1045 3612 1199 3675 quaenam
1221 3595 1254 3657 in

146 3703 344 3767 celebratione
366 3705 533 3764 mixtarum
562 3700 743 3781 rrnptiarnm
774 3699 960 3761 aParocho
989 3698 1096 3762 forent
1126 3719 1254 3762 servan-

121 3840 124 3845 ,
149 3804 192 3897 la:
216 3812 297 3872 haec
322 3810 426 3871 omnia
449 3829 465 3868 e
488 3826 583 3869 sensu
606 3804 737 3867 Codicis
761 3804 864 3866 civilis
896 3806 1030 3867 arbitrio
1063 3806 1253 3868 contraben-

152 3911 210 3976 tium
230 3916 463 3995 relinquuntur.
501 3920 531 3975 2.
554 3912 750 3974 Potestatem
779 3909 1029 3971 determinandis
1059 3912 1093 3972 iu
1120 3931 1254 3992 quanam

99 4062 102 4071 .
157 4014 286 4100 religione
308 4019 415 4102 proles
437 4021 470 4082 in
493 4002 636 4100 genere,
658 4023 691 4078 et
711 4035 728 4078 e
752 4016 917 4078 connubiis
946 4016 1063 4079 mixtae
1085 4014 1254 4098 religionis

162 4127 354 4204 susspecta
377 4127 483 4210 speeie
506 4120 688 4188 educandae
711 4122 797 4201 sint,
820 4120 953 4186 durante
976 4122 1039 4186 rita
1060 4128 1152 4205 pater
1173 4128 1254 4185 mm-

167 4240 381 4269 Qus—u-

215 4315 271 4382 227)
289 4320 378 4371 Mon.
396 4317 439 4370 96.
458 4329 520 4382 pag.
540 4314 602 4366 tos.

188 4413 334 4485 lonearium,
348 4417 470 4472 debiatr.
487 4417 591 4468 ditetis.
609 4418 632 4466 1.
697 4454 715 4475 .,
1031 4405 1051 4462 9
