2798 4838
577 236 806 306 ..498-

128 401 192 444 non
213 379 323 460 aliter,
347 399 439 461 qnam
461 399 558 462 penes
581 379 990 453 authenticas.,lieversales
1030 381 1071 442 de
1101 401 1165 444 non
1191 392 1244 443 tor-

129 485 232 550 benda
253 470 344 569 parte
367 483 525 549 catholica
547 488 579 548 in
602 507 658 548 sua
680 486 845 567 religione,
872 486 976 567 deque
1005 485 1169 567 prolibus¹
1182 491 1245 548 uiri·

130 611 231 673 usquc
254 612 347 681 sexus
369 590 526 656 catholice
548 591 721 654 educandis
740 612 801 674 per
820 601 945 675 partem
980 589 1193 656 acatholicam
1220 614 1249 655 ex

131 717 167 761 se
186 696 330 760 dandas:
352 699 414 760 hoc
436 700 554 779 quippe
575 705 668 778 pacto
692 697 810 765 salvam
831 719 1009 766 mansuram
1046 698 1194 778 partibus
1216 697 1250 759 li-

131 804 288 888 bcrtatern
310 803 521 866 contrahendi
551 802 629 865 talia
660 805 823 885 coniugia,
856 803 1046 867 acatholicis
1076 810 1186 866 autem
1211 806 1252 866 iu·

133 913 216 971 siam
239 908 428 990 querelandi
450 911 648 971 occasionem
678 908 879 1001 praecipuum
901 910 963 990 iri,
995 915 1126 992 partem
1155 910 1253 971 catho-

92 1031 94 1034 ’
133 1011 229 1077 licam
259 1015 293 1075 in
307 1068 311 1077 .
325 1035 382 1077 sua
414 1012 571 1094 reiigione
597 1020 699 1076 tutam
729 1018 956 1096 perstituram,
979 1023 1032 1092 ct,
1064 1015 1157 1096 quod
1179 1033 1255 1077 sum-

134 1138 221 1181 mum
236 1126 312 1198 est,
344 1120 411 1182 sine
438 1098 677 1200 perturbatione
706 1120 915 1201 Reipublicae
949 1119 1060 1201 proles
1095 1121 1254 1201 utriunque

135 1243 230 1287 sexus
260 1227 300 1287 ab
328 1225 585 1287 indifferentismi
616 1246 653 1287 ac
680 1228 893 1306 perversionis
924 1225 1068 1305 periculo
1106 1234 1255 1308 ereptum,

137 1335 231 1410 atque
262 1329 303 1393 ad
332 1337 434 1393 tutum
464 1332 638 1394 animarum
670 1330 783 1393 salutis
818 1339 946 1411 portum
984 1330 1182 1394 collocatum
1213 1331 1257 1392 iri

137 1434 250 1518 Quoad
269 1438 458 1498 reflexiones
481 1457 551 1498 cum
574 1439 607 1499 in
629 1437 713 1498 linea
731 1436 921 1516 religionis,
951 1442 1019 1498 tum
1041 1435 1187 1499 in‘linea
1207 1454 1281 1517 pov

136 1538 226 1604 litiea
247 1543 371 1622 positas
401 1544 566 1623 sequentia
596 1543 628 1602 in
652 1544 758 1622 speeie
789 1540 888 1604 iidem
909 1542 1105 1606 Dioecesanl
1137 1561 1257 1623 reprac-

138 1651 320 1711 tentarunt:
352 1653 381 1709 1.
402 1648 498 1710 Matr.
516 1649 613 1710 mixta
642 1668 705 1710 uon
728 1669 798 1710 esse
819 1649 1102 1731 proportionatum
1126 1648 1257 1710 medium

137 1750 179 1816 ad
200 1752 438 1816 conversionem
460 1750 738 1831 Acatholicorum,
769 1774 840 1815 cum
870 1773 983 1832 secus,
1016 1755 1046 1814 si
1069 1752 1199 1815 scilicet
1227 1773 1258 1815 ex

137 1858 180 1918 iis
203 1857 399 1920 orthodoxae
422 1856 518 1920 Fidei
548 1860 650 1921 maius
683 1857 925 1920 emolumentum
955 1877 1163 1921 accessurum
1193 1878 1258 1939 spe-

137 1949 222 2040 rari,
254 1958 348 2044 quam
377 1962 598 2025 detrimentum
631 1983 827 2026 emersurum
859 1965 958 2025 metui
986 1972 1124 2043 posset,
1156 1962 1258 2026 eadem

54 2063 58 2069 ’
138 2064 327 2148 nulla-lege
356 2070 522 2149 prohiberi
560 2063 757 2151 potuissent,
794 2072 925 2150 insuper
953 2069 1039 2130 tristi
1078 2069 1259 2150 quotidiana

139 2173 336 2255 experientia
358 2175 506 2254 probari,
536 2174 623 2253 quod
651 2177 680 2236 si
701 2174 861 2236 interdum
893 2194 972 2235 unus
1003 2172 1128 2236 alterve
1157 2177 1259 2236 coniu-

139 2298 218 2360 gum-
234 2277 487 2341 acatholicorum
507 2273 605 2340 fidem
627 2279 836 2343 orthodoxam
854 2278 1084 2362 amplectatur,
1108 2287 1196 2343 certe
1210 2278 1259 2341 alli

141 2383 250 2447 decem
273 2392 306 2446 et
325 2383 433 2465 plures
455 2386 624 2464 coniugum
645 2385 875 2448 catholicorum
905 2387 1142 2448 nonobstante
1164 2383 1259 2448 fiscali

142 2491 268 2553 actione
298 2509 392 2572 saepe
424 2489 518 2558 etiam
543 2491 580 2563 in
603 2493 819 2551 executionem
848 2488 983 2551 deducta
1013 2491 1046 2551 iu
1069 2494 1259 2573 apostasiam

141 2592 370 2675 prolabantur,
390 2594 501 2676 proles
523 2602 628 2657 autem
650 2595 795 2658 adhibita
817 2615 998 2676 quacunque
1023 2598 1201 2660 Curionum
1221 2617 1258 2658 ss.

140 2698 306 2783 vigilantia
336 2696 371 2763 in
401 2703 545 2783 partibus
577 2705 785 2781 praesertim,
825 2705 879 2765 ubi
915 2703 1058 2764 haeresis
1093 2702 1258 2782 praevalet,

140 2809 276 2870 maximo
299 2826 430 2868 numero
452 2815 506 2868 aut
528 2809 562 2868 in
584 2807 732 2869 damnato
755 2807 1038 2890 indifferentiam,
1061 2816 1121 2871 aaut
1142 2811 1174 2870 in
1196 2811 1259 2887 ipsa

141 2912 268 2976 haeresi
296 2915 454 2975 ateneris
485 2912 676 2992 educentur,
710 2913 885 2993 exindeque
907 2915 1008 2974 maior
1038 2915 1071 2974 in
1097 2914 1169 2976 dies
1198 2915 1258 2976 ani·

142 3037 264 3081 marum
286 3026 409 3098 strages
433 3021 652 3099 subsequatur.
694 3025 723 3079 2.
751 3017 955 3096 Populationi
977 3018 1102 3080 nullum
1144 3022 1259 3081 obicem

142 3124 219 3200 poni
240 3124 456 3202 prohibitione
478 3126 648 3185 mixtorum
670 3126 961 3202 matrimoniorum,
986 3144 1045 3185 uec
1068 3127 1172 3188 metui
1194 3145 1260 3209 pos·

143 3246 200 3304 se,
222 3233 258 3288 ut
278 3228 448 3289 acatholici
480 3237 594 3290 statum
616 3230 648 3289 in
672 3236 755 3291 statu
786 3230 943 3304 efficiant3
974 3249 1044 3290 cum
1074 3232 1110 3292 in
1142 3233 1183 3293 iis
1205 3233 1260 3292 Co·

27 3368 30 3374 ·
142 3332 328 3410 mitatibus,
360 3334 392 3393 in
416 3334 531 3412 quibus
558 3333 728 3396 acatholici
758 3354 887 3396 numero
910 3333 1118 3417 praevalent,
1147 3336 1260 3399 nullum

32 3512 33 3516 Ἰ
143 3435 287 3518 alioquin
310 3438 353 3498 sit
374 3437 569 3518 periculum,
602 3459 663 3518 quo
687 3443 747 3502 etsi
771 3443 936 3520 quaepiam
968 3438 1177 3505 matrimonia
1199 3462 1259 3505 rea·

142 3564 198 3624 pse
228 3543 478 3625 impedirentur,
510 3544 711 3622 populationi
739 3544 968 3626 praeiudicium
998 3547 1181 3625 inferatur,
1212 3547 1260 3610 alii

108 3742 111 3747 .
143 3670 217 3712 vero
241 3651 420 3713 Comitatus
442 3650 482 3711 ad
503 3650 661 3730 publicam
683 3654 907 3712 notorietatem
929 3651 1050 3733 populo
1066 3654 1154 3716 adeo
1172 3657 1258 3717 abuu-

144 3752 239 3831 deut,
270 3762 304 3816 ut
325 3755 434 3818 nullus
463 3756 590 3819 futurus
614 3758 676 3833 sit,
706 3760 777 3836 qui,
810 3759 837 3817 si
866 3777 994 3818 uxorem
1028 3757 1152 3823 ducere
1183 3758 1258 3836 velit,

144 3878 220 3920 suae
242 3859 408 3940 religionis
431 3881 494 3922 uon
515 3863 670 3936 inveniat3
693 3864 726 3922 in
743 3864 907 3942 Hungaria
928 3883 1027 3944 porro
1050 3885 1182 3947 semper
1196 3886 1259 3927 cau·

143 3970 211 4026 tum
233 3963 350 4048 inerit,
371 3985 411 4027 nc
433 3966 613 4029 Anatholioi
634 3967 818 4029 distinctum
842 3974 958 4031 statum
982 3969 1151 4052 elliciant,
1173 3971 1259 4034 adeo·

144 4087 205 4148 que
227 4089 265 4130 ex
287 4070 506 4149 prohibitione
529 4075 697 4135 mixtorum
721 4075 967 4156 connubiorum,
999 4080 1259 4157 separationeque

143 4171 403 4237 Acatholieorum
424 4177 636 4241 aCatbolicis
658 4180 764 4241 timeri
786 4178 879 4261 plane
902 4187 1058 4261 nequeat,
1082 4192 1122 4245 ut
1142 4184 1193 4246 illi
1211 4202 1259 4261 pe·

143 4278 316 4345 riculosum
356 4284 534 4363 quempiam
571 4291 686 4351 statum
716 4287 749 4347 in
785 4293 869 4351 statu
899 4285 1077 4350 efforment.
1128 4295 1159 4353 3.
1189 4289 1257 4372 lpsis
