2798 4838
599 240 827 314 -aaa-
928 225 938 234 '

640 473 789 568 §mres

42 686 46 703 ι
154 661 207 771 lrs
223 657 276 717 ni.
293 658 458 719 Euentu
474 640 691 727 Qus-amr
709 655 900 714 nasse-
915 655 1258 728 Dsrmstsdtensb

479 752 522 807 et
538 750 696 807 flesso·
698 740 974 807 casseu-ns.

247 866 526 992 Arcblcplscopua
542 913 766 989 Eriborocaeis
786 910 820 973 in
836 909 883 974 M.
898 911 1057 974 Euentu
1073 907 1262 988 Badensi,

155 1017 351 1080 Provinciae.
367 1017 551 1100 Superioris
571 1016 745 1080 Rhenanae
761 1013 986 1101 Metropolim,
1004 1012 1183 1097 exemplum
1200 1015 1263 1096 Epi-

154 1142 327 1204 scoporum
349 1119 486 1203 aliorum
508 1128 680 1205 sequutus,
701 1120 798 1204 paulo
820 1128 896 1206 post
921 1119 1160 1186 Allocutiouem
1191 1121 1263 1182 Pon·

154 1230 287 1292 tiiiciam
309 1247 403 1292 suum
421 1226 463 1292 ad
484 1247 611 1292 normas
641 1225 747 1309 quoad
768 1228 865 1291 mixta
896 1226 1051 1290 connubia
1079 1247 1140 1308 per
1175 1227 1261 1289 Breve

89 1392 94 1407 ι
155 1333 207 1398 l'il
229 1335 313 1398 Vlli.
338 1330 379 1397 de
401 1354 452 1397 an.
477 1323 569 1398 1880.
590 1335 804 1417 praescriptas
834 1350 995 1398 accessum
1025 1333 1191 1414 Regimini
1218 1329 1297 1393 de'

156 1437 304 1504 duravit:
329 1458 434 1522 uque
455 1439 489 1502 ld
511 1441 649 1504 obtinuit
677 1441 845 1524 responsi,
872 1437 978 1504 nullas
1008 1439 1142 1518 quidem
1162 1436 1259 1502 Archi·
1292 1355 1297 1507 l

156 1546 306 1629 episcopo
328 1546 362 1608 iu
382 1546 474 1630 praxi
495 1543 703 1618 difficultates
723 1547 864 1629 positum
883 1546 945 1629 iri,
967 1543 1043 1607 illos
1072 1549 1212 1606 attamen
1231 1514 1259 1603 de

161 1651 257 1717 clero
281 1653 423 1732 Curato,
445 1652 500 1735 qui
520 1649 610 1734 leges
639 1650 746 1715 civiles
773 1670 871 1733 porro
902 1668 1028 1732 quoque
1054 1649 1257 1712 incunctanter

157 1760 380 1838 observarent,
410 1778 448 1821 ex
476 1763 567 1840 parte
596 1757 750 1821 (iubernil
777 1757 1009 1838 protectionem
1029 1761 1182 1819 nacturos
1196 1748 1254 1824 ⁶⁸²).

158 1864 208 1934 Ne
229 1869 334 1928 eutem
356 1865 549 1946 protectioni
570 1861 755 1928 huiusmodi
782 1865 972 1944 praebeatur
999 1862 1150 1942 occasio,
1179 1857 1254 1923 Ordi-

161 1969 302 2039 uarietus
323 1969 545 2050 frequentibus
567 1970 715 2050 monitis,
738 1969 855 2032 Sacros
876 1970 1034 2033 Curiones
1063 1966 1107 2030 ad
1136 1965 1197 2029 rite
1216 1965 1251 2026 oi·

157 2074 334 2144 servandas
356 2073 522 2145 Ecclesiae
544 2076 707 2139 cautiones
729 2075 964 2139 exhortabatur.
987 2071 1052 2148 ⁶⁸⁸)

258 2185 464 2261 Mopuotiooe
484 2178 668 2246 dioeceseos
688 2182 886 2263 Episcopum
905 2181 939 2243 lu
970 2181 1017 2244 Μ.
1047 2178 1254 2258 Principa-

157 2295 200 2367 tu
229 2286 751 2364 Harsa-Dermstadteusl
778 2284 899 2350 nullam
932 2284 1061 2369 quidem
1090 2283 1255 2349 instructio·

159 2413 231 2457 nem
252 2392 293 2457 ad
314 2392 477 2457 Parocbos
509 2391 691 2473 dimisisse,
712 2393 775 2474 laos
795 2391 1002 2456 nibilominus
1024 2379 1159 2472 proprio
1190 2391 1255 2451 motu

140 2495 245 2562 illum
282 2518 355 2562 mor
383 2504 459 2580 post
489 2507 632 2563 eventum
664 2496 890 2562 coloniensem
918 2496 1125 2575 adoptavisse
1155 2493 1255 2575 pram

159 2601 322 2686 legimus,
344 2610 379 2668 ut
399 2604 496 2668 mixta
516 2604 718 2669 matrimonia
738 2602 824 2667 haud
845 2602 959 2683 aliter,
989 2621 1083 2681 quam
1113 2597 1255 2683 praestitit

159 2710 382 2791 cautionibus,
404 2731 482 2793 quas
502 2706 650 2775 Ecclesia
673 2711 837 2793 deposcit,
859 2707 1094 2771 benedicerent.
1120 2701 1186 2781 ⁶⁸⁴)

182 2876 184 2880 ,
259 2816 295 2880 ln
337 2814 593 2881 Electoratu
629 2809 1051 2880 Basso-cassellauo
1095 2814 1254 2895 Episcopo

160 2925 330 2986 mucosis
350 2941 408 3005 per
427 2921 538 2987 literas
571 2920 667 2986 Glero
698 2941 757 2985 sno
789 2922 909 2984 curato
937 2919 1103 3012 probibuit
1132 2911 1254 2982 benedici

158 3029 256 3092 mixta
278 3029 454 3109 connubia,
476 3030 509 3092 iu
531 3029 647 3110 quibus
670 3026 710 3090 de
741 3027 928 3091 educatione
955 3024 1094 3109 prolium
1123 3026 1160 3087 iu
1188 3019 1254 3088 ileli-

161 3132 255 3213 gicue
277 3131 445 3209 catholica
465 3132 552 3199 nulla
575 3134 701 3214 praevie
723 3131 797 3196 data
826 3132 914 3195 foret
944 3132 1085 3213 sponsio.
1114 3133 1195 3194 ilum
1219 3144 1253 3190 au·

161 3241 224 3300 tem
245 3256 303 3319 per
325 3238 476 3320 Regimen
498 3238 680 3304 Electorale
703 3237 744 3302 ad
765 3236 983 3302 retractandas
999 3238 1057 3300 has
1075 3235 1189 3301 literas
1202 3250 1252 3316 pro

161 3325 346 3407 uocaretur:
367 3346 556 3427 rescripsit,
578 3365 613 3408 se
634 3345 669 3409 ld
689 3363 843 3424 nusquam
865 3342 1022 3407 facturum
1042 3339 1118 3416 635).
1141 3340 1178 3404 id
1193 3329 1252 3421 quoi

160 3447 385 3513 verosimiliter
405 3470 515 3514 ansam
535 3450 685 3533 praebuit
704 3450 887 3515 Ministerio
909 3445 1111 3527 Electorali,
1134 3465 1193 3529 ope
1211 3444 1253 3507 lit·

161 3552 274 3634 scripti
297 3551 337 3616 de
358 3560 410 3619 20.
433 3556 564 3619 Octobr.
598 3560 690 3618 1838.
720 3553 930 3636 disponendi,
960 3559 997 3617 ut
1017 3551 1058 3616 ad
1089 3571 1196 3615 casum
1222 3563 1253 3610 re

232 3761 299 3830 688)
317 3767 538 3830 Scbueiserircbe
557 3768 786 3828 Iis'rcbesseltsoa.
805 3768 920 3818 uorem.
937 3763 1028 3820 1889.
1047 3780 1075 3826 o.
1095 3763 1125 3817 8.

230 3852 297 3919 688)
321 3859 410 3910 instar
435 3856 549 3923 exempli
580 3872 662 3910 unum
685 3874 718 3911 ex
742 3860 894 3923 descriptis
921 3858 1074 3908 huiusmodi
1101 3850 1251 3909 vicentin
1296 3834 1297 3846 ἵ

197 3948 367 4007 producimus
395 3949 485 4002 bion
515 3949 577 4003 880.
609 3965 671 4017 pag
699 3949 826 4004 408.—
852 3951 887 4001 ci.
920 3951 1066 4002 Budisebcs
1093 3940 1250 4002 Klrebetlltl·

197 4032 283 4089 1889.
301 4054 327 4099 a.
345 4037 395 4092 88.

165 4173 193 4183 ,.
206 4124 459 4198 00010008ιο,
476 4134 537 4184 csse
553 4093 856 4195 commemorante
875 4131 924 4186 80.
942 4129 1138 4187 emises.
1154 4121 1247 4185 unse·

197 4181 267 4272 eeu.
284 4233 317 4283 p.
328 4222 379 4275 80.
555 4242 558 4250 ’
1065 4262 1068 4267 .

233 4306 299 4373 688)
318 4311 394 4363 Stoa.
412 4251 559 4376 80008018
574 4312 664 4394 1888
681 4329 708 4376 ρ.
705 4264 853 4370 888
913 4356 915 4361 ,
945 4266 947 4272 λ
