2798 4838
508 272 737 348 ...465-

54 427 90 483 et
121 417 290 483 carolinas
320 417 481 503 publicum
511 417 680 503 religionis
711 419 894 484 exercitium
927 420 961 485 io
981 421 1025 486 ils
1054 442 1180 508 quoqne

55 527 162 606 iocis,
184 527 217 588 in
241 528 357 608 quibus
378 526 414 588 td
437 525 598 588 ordinarie
619 526 705 590 haud
726 527 945 608 competebat,
977 528 1184 597 obtinuerint.

59 665 97 676 -
122 639 154 694 2.
177 633 351 713 inspecte
380 637 541 714 tamquam
573 632 752 714 peculiares
787 636 981 707 domiomstis
1012 639 1185 715 Religionis

57 742 248 815 Catholicae,
268 744 510 818 praeropotioae
541 745 647 802 erant:
679 739 767 802 Jurls
798 738 991 801 Patrouatus
1024 740 1059 800 in
1088 741 1182 805 honis

56 841 309 905 acatholicorum
333 845 455 925 Regiae
484 845 647 927 Majestati
676 846 870 921 reservati03
900 842 1186 910 matrimonialium

58 969 228 1011 causarum
259 952 292 1012 io
322 950 403 1012 foris
436 949 657 1032 spiritualibus
688 952 927 1032 Episcoporum
956 952 1184 1031 pertractatio;

57 1055 270 1116 festivitatum
308 1055 507 1134 publicarum
543 1058 577 1118 iu
607 1053 755 1120 Ecclesia
786 1053 954 1119 (iatholiea
983 1055 1185 1120 inducturum

57 1179 116 1241 per
139 1159 344 1222 Acathoiicos
367 1163 564 1236 observatio;
589 1162 765 1223 iuramenti
786 1180 844 1244 per
865 1160 1021 1224 officiales
1044 1163 1184 1226 Acatho·

57 1266 144 1328 licos
174 1266 207 1326 in
238 1267 427 1327 Civitatibus
459 1264 582 1328 eiectos
620 1269 653 1328 in
685 1266 768 1328 facie
799 1265 965 1330 Ecclesiae
998 1268 1185 1333 Catholicae

59 1369 265 1452 praelegente
288 1371 433 1432 i’aroeho
457 1370 624 1433 Catholleo
648 1371 828 1452 depositio;
862 1371 1039 1435 thramenti
1060 1375 1093 1435 in
1114 1374 1184 1438 ior-

60 1498 111 1539 ma
137 1474 293 1538 decretali
313 1496 383 1538 com
406 1477 612 1558 expressione
634 1478 795 1538 nominum
819 1477 975 1558 Delpa'rae
998 1485 1029 1540 et
1051 1480 1186 1542 Sancto-

31 1656 35 1663 ·
60 1602 132 1645 rum
155 1583 367 1663 nuncupatim
396 1582 430 1643 ln
453 1581 591 1660 disparis
613 1579 786 1663 religionis·
805 1583 961 1663 coniugiis
993 1582 1049 1657 (de
1071 1585 1187 1665 quibus

60 1709 121 1751 suo
145 1676 219 1749 loco
237 1686 345 1770 plura)
372 1685 578 1750 reversalium
599 1682 764 1749 literarum
786 1706 882 1768 super
904 1686 1063 1752 catholica
1086 1690 1189 1753 omni-

60 1815 114 1856 um
138 1793 276 1875 prolium
300 1793 484 1854 elimatione
508 1793 649 1868 exactio,
685 1793 896 1873 orphanorum
925 1801 1031 1856 autern
1053 1797 1092 1858 ab
1115 1817 1190 1860 aea·

59 1898 196 1963 tholicis
219 1901 458 1981 progenitorum
488 1900 521 1960 in
550 1895 707 1978 religione
730 1898 912 1961 dominante
940 1898 1107 1982 educatio,
1130 1903 1191 1964 etl-

60 2027 114 2070 am
137 2007 349 2067 scverioribus
370 2004 486 2066 mediis
499 2002 727 2084 .procuranda;
749 2005 782 2066 in
799 2003 902 2085 locis,
927 2007 960 2067 in
978 2008 1092 2085 quihus
1108 2008 1192 2072 Aca·

60 2110 180 2175 tholiei
203 2114 340 2192 proprio
357 2112 503 2172 ministro
527 2116 655 2188 carent,
678 2109 895 2172 iurisdictioni
913 2111 1052 2175 Perochl
1071 2113 1191 2178 (latho-

61 2219 120 2281 iici
144 2220 320 2297 subiectio,
344 2223 404 2278 etc.
426 2247 469 2262 —·
499 2221 530 2279 3.
553 2217 716 2277 Stantibus
740 2216 834 2277 etiam
857 2216 908 2278 his
926 2216 1107 2303 Religionis
1129 2219 1188 2282 do·
1219 2294 1223 2303 g
1261 2208 1262 2212 ¹

62 2325 216 2388 minantis
246 2321 496 2403 praerogativis,
526 2319 708 2385 Acatholici
740 2319 779 2383 de
810 2319 903 2383 nuila'
925 2323 957 2384 vl
987 2326 1193 2390 conscientiis

61 2435 210 2514 ipsorum
233 2427 344 2508 illata,
375 2437 429 2490 aut
451 2427 490 2489 de
513 2448 572 2506 eo,
596 2426 682 2507 quood
704 2427 790 2489 forte
812 2447 870 2506 per
890 2425 980 2509 leges
1012 2436 1044 2492 et
1067 2428 1191 2497 resolu-

62 2539 172 2599 tiones
196 2536 314 2614 Regias
337 2531 410 2613 plus
432 2534 518 2595 lausto
537 2539 741 2614 premantur,
764 2535 915 2613 conqueri
930 2541 1097 2613 poterant;
1121 2556 1194 2599 nam

64 2640 175 2723 quoad
196 2642 265 2702 itera
287 2636 468 2721 personalia
492 2646 523 2700 et
540 2636 639 2699 realia
662 2636 749 2698 nullu
772 2636 838 2699 fere
862 2638 1062 2717 essentialis,
1086 2639 1194 2721 quoad

15 2766 29 2787 ⁸
64 2718 226 2810 alia'vero
255 2744 347 2808 valde
371 2745 483 2824 exigua
510 2745 600 2822 ipsos
630 2743 713 2803 inter
743 2747 775 2803 et
802 2741 979 2806 catholicos
1008 2745 1193 2810 intercessit

65 2853 271 2917 differentia:
303 2850 420 2912 iisdem
447 2848 629 2930 gaatdebant
659 2848 807 2926 iuribus,
838 2853 871 2909 et
900 2849 934 2909 in
961 2851 1192 2932 praerogativis

64 2979 126 3044 per
147 2957 236 3039 leges
259 2957 422 3019 attributis
446 2956 515 3035 pari
547 2975 618 3016 cum
641 2951 811 3016 catholicis
844 2953 938 3015 modo
961 2958 1192 3043 conservaban-

64 3072 139 3145 tur,
160 3065 315 3146 privatum
343 3060 510 3142 religionis
543 3060 728 3147 exercitium
757 3057 888 3121 cuilibet
916 3059 1045 3140 impune
1074 3062 1193 3127 admis-

66 3191 161 3251 sum,
189 3168 350 3250 publicum
371 3186 447 3229 vero
469 3167 513 3227 ita
537 3163 716 3245 regulatum
736 3164 821 3243 fuit,
850 3166 940 3228 utin
963 3165 1109 3248 quolihet
1130 3170 1195 3232 Co·

66 3278 184 3341 mitatu
208 3274 253 3336 ¹de
283 3272 355 3335 loco
380 3266 678 3353 quopiam'publici
706 3270 849 3332 exercitii
879 3271 1121 3355 provideretur,
1152 3274 1194 3339 ad

66 3379 322 3463 amplectendam
351 3377 563 3439 orthodoxam
597 3376 714 3455 iidem,
744 3383 798 3438 aut
820 3380 1013 3441 ceremonias
1042 3379 1195 3461 religioni
1283 3378 1286 3383 ’

67 3508 148 3553 suae
171 3487 344 3549 contrarias
374 3482 458 3544 haud
491 3484 745 3562 stringebantur3
776 3482 841 3542 imo
872 3481 1100 3548 Resolutiones
1129 3487 1194 3548 Re·

14 3660 19 3665 ,
68 3596 144 3678 giae
166 3592 246 3655 adeo
268 3591 423 3669 benignae
445 3587 557 3663 fuere,
589 3593 624 3647 ut
650 3587 683 3647 in
714 3584 859 3664 pluribus
890 3588 1018 3669 punctis
1049 3589 1211 3671 arigo're'

67 3699 178 3783 legum
193 3692 487 3759 ⁴fundamentalium
511 3690 688 3754 successive
710 3709 872 3752 recessum
895 3691 948 3753 sit.

92 3788 96 3793 ’
174 3797 510 3882 nasamonium,
542 3794 627 3877 quod
650 3794 689 3857 de
712 3801 795 3858 statu
823 3793 978 3877 religioso
1010 3797 1196 3862 confessio.
1273 3881 1277 3890 1

69 3932 148 3977 num
168 3908 474 3972 Protcstanticurum
503 3905 536 3966 in
558 3900 714 3978 relatione
744 3900 785 3963 ad
815 3901 1027 3966 dominantem
1049 3902 1196 3984 Religio.

70 4037 145 4082 nem
168 4010 389 4090 catholicam,
410 4012 487 4072 item
510 4008 549 4070 de
570 4000 760 4089 principiis,
788 4008 901 4086 quihus
923 4012 1062 4089 systema
1083 4007 1196 4092 religi-

71 4123 217 4187 onarium
240 4138 297 4200 per
318 4117 472 4198 Regimen
495 4111 596 4176 Civile
618 4117 791 4175 assumtum
815 4115 1115 4194 superstruebatur,
1143 4135 1198 4177 co·

70 4247 206 4307 rumque
235 4225 363 4286 motivis
392 4241 428 4283 ao
452 4219 616 4282 effectibus
645 4218 799 4282 historica
827 4236 1026 4301 proponere,
1050 4225 1082 4311 et
1105 4222 1197 4301 quasi

71 4331 321 4399 introductionis
349 4329 451 4389 instar
480 4325 636 4390 historiae
666 4330 758 4387 matr.
784 4325 954 4387 mixtorum
990 4326 1196 4406 praemittere

109 4443 567 4512 nmioodov,deMotr.Miatis.1.
756 4457 758 4462 ·
961 4432 1002 4492 80
