2798 4838
649 294 704 325 ...-
724 269 802 339 536
827 306 878 318 ..
902 310 906 315 .

204 394 376 480 miriensis
400 415 598 476 consociatum
623 422 692 475 est:
716 412 801 494 apud
825 410 955 474 (ilerum
979 411 1186 477 Catirolicum
1211 413 1324 472 univer·
1364 470 1367 475 .

206 527 265 586 sim
298 524 360 583 lam
389 518 562 582 invaluisse
585 522 738 596 abusum,
771 525 806 580 ut
827 520 1039 581 matrimoniis
1069 504 1181 581 mixtis
1213 502 1327 589 omnia,

207 649 287 709 quiae
310 636 430 688 tantum
455 627 590 705 eogitari
624 633 778 705 possunt,
811 618 968 704 ponantur
998 616 1250 706 impedimenta,
1278 640 1328 681 noe

209 754 301 796 secus
332 733 389 794 ilia
421 731 647 809 admittantur,
688 751 780 809 quam
812 733 872 792 surb
903 730 1088 793 conditione
1119 730 1329 792 conversionis

209 841 311 920 partis
333 838 603 919 protestantieae,
634 835 684 896 vel
715 836 920 898 reversalium
952 837 992 897 de
1014 835 1178 898 catholica
1200 832 1332 918 prelium

211 947 377 1024 utriusque
401 963 495 1004 senuas
525 942 722 1004 educatione.
755 943 854 1022 igitur
877 943 1057 1006 Comitatus
1088 942 1131 1004 ad
1155 936 1331 1003 Procrulen

214 1049 303 1112 dedit
323 1048 457 1126 literas,
480 1056 515 1110 ut
538 1047 667 1109 Clernm
691 1049 839 1108 Cruratum
872 1048 1069 1127 aponendis
1099 1044 1332 1127 impedimentis

213 1153 319 1236 qaroad
342 1160 432 1214 matr.
456 1156 551 1216 mixta
573 1155 726 1216 inhibeat.
749 1149 892 1233 Cumque
914 1152 955 1213 ad
976 1155 1059 1216 hane
1082 1151 1333 1235 provocationem

216 1258 350 1321 Praesnl
372 1258 417 1320 nil
435 1260 666 1340 responderet,
690 1250 973 1341 eCongregotione
992 1259 1044 1320 die
1064 1265 1112 1320 li.
1134 1256 1334 1342 Aprtluuae.

217 1365 350 1427 alterius
374 1363 495 1425 ordinis
516 1364 621 1426 literis
645 1365 810 1441 dimissis,
834 1367 895 1426 ianr
919 1372 951 1426 et
973 1387 1092 1445 poenas
1112 1363 1273 1427 Paroehis
1293 1379 1336 1421 ee·

218 1470 329 1551 pariare
352 1491 505 1551 personas
528 1473 644 1532 mixtae
673 1470 839 1550 religionis
870 1470 1122 1533 detrectantibus
1157 1465 1339 1547 infligendas

219 1578 398 1638 minabatur
429 1577 513 1638 idem
544 1577 732 1638 Comitatus.
762 1577 943 1654 Respondit
973 1576 1014 1638 ad
1034 1575 1153 1643 literas
1184 1576 1340 1650 utriusque

220 1682 345 1743 ordinis
367 1683 548 1762 Episcopus
571 1682 626 1742 dd.
652 1683 798 1744 lulrrnii
824 1688 914 1743 1837.
937 1702 993 1760 ea,
1017 1702 1078 1761 qua
1101 1682 1263 1755 decebat,
1280 1696 1340 1757 gra·

221 1789 336 1868 vitate,
368 1797 399 1847 et
428 1782 604 1866 apostoliea
635 1786 803 1848 libertate:
832 1790 969 1869 primurn
1001 1786 1129 1868 quidem
1164 1785 1342 1865 adspersam

222 1893 380 1956 Parochis
410 1893 522 1954 violati
552 1891 689 1955 Articuli
718 1892 915 1970 religionarii
946 1899 1048 1969 matr„
1069 1893 1169 1953 mixtu
1201 1887 1344 1972 impediri

225 2000 359 2060 vetantis
382 1998 485 2061 labem
510 2000 549 2060 ab
573 1997 687 2059 iisdem
711 1999 911 2076 amoliendo,
944 2007 1010 2059 inm
1033 2005 1147 2059 contra
1178 1997 1345 2058 iudicatum

226 2102 404 2166 Comitatus
434 2106 466 2165 in
500 2125 653 2184 personas
677 2103 912 2167 ecclesiasticas
942 2106 1082 2166 exerceri
1111 2105 1276 2179 intentum
1304 2118 1347 2161 eo·

225 2208 364 2273 leuniter
386 2210 613 2292 protestando,
636 2208 762 2272 demum
784 2210 962 2272 doctrinam
982 2208 1150 2272 Ecclesiae
1168 2205 1348 2271 Catholicae

187 2381 188 2384 ,
227 2316 385 2396 intrepide
409 2315 628 2393 enunciaudo,
651 2318 683 2377 in
705 2318 833 2396 iisque,
856 2335 936 2394 ursae
958 2315 1126 2395 religionis
1150 2320 1252 2390 sunt,
1282 2314 1349 2373 irre·

230 2422 373 2483 strictam
394 2440 453 2501 pro
478 2441 512 2482 se
535 2421 767 2500 suoqueClero.
783 2422 965 2483 libertatem
982 2420 1187 2482 vindicando.
1213 2421 1349 2499 Respon-

231 2548 268 2589 so
291 2528 446 2608 Episcopi
478 2527 633 2588 offensum
665 2547 699 2588 se
732 2530 914 2589 existimans
945 2528 1124 2589 Comitatus
1161 2546 1178 2587 e
1210 2518 1350 2586 Generali

233 2635 488 2714 congregatione
523 2640 571 2694 li.
596 2636 669 2695 lieo.
696 2638 786 2694 1837.
818 2633 860 2694 ad
882 2635 1016 2712 Regiam
1047 2633 1260 2694 Maiestatem
1290 2647 1351 2689 con·

233 2748 281 2801 tra
306 2740 440 2800 eundem
463 2741 733 2819 repraesentavit:
756 2741 955 2821 Episcopum
977 2759 1033 2801 een
1057 2737 1167 2817 legum
1184 2737 1351 2799 divinarum

236 2866 334 2926 aequae
357 2867 394 2906 ac
415 2847 623 2907 humanarum
655 2851 883 2907 contemtorem
915 2853 946 2905 et
976 2841 1186 2920 violatorem,
1218 2839 1353 2924 publicae

237 2937 480 3031 tranquillitatis
504 2954 720 3029 turbatorem,
751 2952 913 3015 hominum
938 2969 999 3010 uon
1022 2967 1122 3028 aeque
1156 2969 1269 3008 seeum
1298 2963 1355 3006 sen·

240 3058 384 3118 tientiurn
409 3077 535 3119 osorem
559 3067 590 3118 et
613 3065 871 3138 persecutorem,
903 3058 1010 3138 ipsius
1038 3054 1119 3115 adeo
1144 3055 1274 3133 Regiae
1301 3050 1355 3110 nta-

238 3154 612 3243 iestatisviiipensor·e111
637 3183 841 3241 magnacum
874 3162 1017 3242 emphasi
1038 3162 1214 3220 verborum
1247 3166 1279 3218 et
1305 3163 1357 3232 stp-

241 3265 274 3326 lo
298 3266 467 3328 admodum
490 3270 667 3329 vehementi
692 3289 798 3330 coram
821 3269 952 3327 'l'hrono
977 3268 1079 3346 Regio
1103 3263 1316 3335 adducendo;
1334 3259 1357 3316 ii

241 3373 355 3452 primis
379 3382 482 3434 autem
506 3376 567 3434 tria
589 3376 667 3436 boec
689 3377 853 3454 Episcopo
887 3380 918 3433 et
941 3371 1037 3433 Clero
1063 3372 1184 3432 Curato
1222 3367 1360 3431 obiicien-

244 3479 305 3545 do:
328 3485 363 3550 a)
391 3478 476 3560 qarod
498 3482 530 3540 in
555 3482 721 3542 obversum
743 3464 871 3542 articuli
894 3484 944 3538 26.
968 3500 997 3538 a.
1023 3468 1123 3550 189‘71
1152 3482 1250 3537 matr.
1272 3468 1360 3533 mixtis

245 3606 327 3647 unane
350 3583 391 3648 ad
414 3605 504 3646 sacra
527 3584 706 3668 evangelieo
729 3585 921 3664 linquenda,
950 3604 1033 3644 rrune
1055 3581 1097 3644 ad
1119 3579 1302 3642 reversales
1321 3593 1361 3635 er·

245 3691 418 3755 trudandas
440 3701 562 3772 partem
585 3691 799 3773 evangelicam
822 3689 1034 3767 stimulando,
1063 3685 1361 3767 impedimentum*

248 3806 320 3869 nat3
343 3800 380 3870 b)
404 3797 489 3875 qrrod
513 3799 766 3860 iurisdictionem
789 3798 966 3858 Comitatus
989 3797 1021 3855 in
1043 3812 1203 3873 personas
1230 3785 1361 3852 eeclesia·

251 3901 350 3962 stieas
373 3905 546 3964 universim
567 3910 680 3984 neget3
705 3906 738 3976 c)
764 3903 849 3982 quod
870 3900 981 3964 Bullas
1003 3899 1197 3961 Pontificias
1223 3887 1365 3958 sinel‘la·

253 4012 323 4066 ceto
346 4006 449 4085 Regio
473 4008 701 4087 publicaverit:
735 3997 869 4090 quorum
901 4028 938 4069 er
961 4008 1073 4067 obtutu
1105 4010 1225 4064 contra
1249 4001 1366 4079 Epiren-

178 4163 179 4166 ,
251 4128 328 4191 pum
351 4130 490 4191 congrua
512 4116 545 4174 in
568 4135 663 4176 sensu
684 4113 789 4195 legum
813 4112 941 4191 disponi
971 4107 1134 4189 supplicat
1164 4109 1256 4170 idem
1278 4099 1366 4166 Comi·

252 4223 348 4280 tatus.
374 4247 412 4260 -
435 4220 742 4299 Repraesentatioue
761 4220 941 4282 Comitatus
964 4236 1035 4278 cum
1045 4214 1215 4294 Episcopo
1239 4210 1366 4276 vnco-

254 4324 322 4392 tilii
343 4323 440 4405 Regii
462 4324 516 4387 dd.
542 4332 590 4389 15.
613 4327 694 4387 Maii
718 4329 810 4391 1838.
833 4312 932 4405 scopo
961 4319 1161 4399 exhibendae
1190 4318 1365 4383 clarificate·
