2798 4838
585 271 815 344 —alr-

118 414 254 478 sionem
286 413 576 496 Archieplscopus,
613 414 698 478 datis
730 415 771 478 ed
800 413 883 478 illud
913 413 953 480 de
979 421 1027 482 16.
1045 415 1143 480 Mart.
1167 420 1260 482 1888.

113 521 255 585 literisz
285 521 402 600 quibus
418 526 457 582 'et
477 539 536 601 pro
562 519 680 583 oblatis
703 522 785 582 vitoe
808 521 979 585 sustendae
1001 523 1261 606 medils'gratlas

113 628 217 706 egit,
242 633 276 688 et
293 628 449 703 sinceram
465 624 607 708 Capituli
631 647 706 708 crgu
721 625 901 691 Ecclesiam
922 627 1119 691 Catholicam
1141 630 1261 695 adhae-

113 733 255 801 aionem
281 734 404 795 meritis
427 732 601 795 celebravit
622 731 792 813 laudibus,
823 753 860 798 ex
883 754 921 796 eo
944 731 1116 816 plurimum
1145 757 1261 801 conso-

113 838 263 904 'atiouis
287 859 321 900 se
338 836 472 901 adverso
495 839 556 900 lroc
574 845 717 920 tempore
739 840 923 921 percepisse
944 841 1151 924 significans,
1173 843 1261 923 quod

113 943 317 1025 Japitulur'n
351 964 442 1006 suom
474 944 615 1026 Capituli
646 942 869 1027 Coloniensis,
900 945 1083 1010 Praelatum
1113 948 1200 1030 apud
1226 948 1260 1012 S.

113 1039 253 1119 §edem
274 1049 494 1129 Apostolicam
527 1052 724 1135 accusantis,
747 1049 970 1114 scandalosum
1002 1053 1179 1136 exemplum
1208 1074 1259 1118 se-

113 1163 237 1225 :srtum
263 1177 324 1216 non
347 1154 463 1232 luerit3
495 1158 527 1218 in
559 1155 685 1237 epilogo
719 1156 844 1219 demrrm
875 1155 1040 1222 literarum
1063 1179 1190 1223 suarum
1218 1160 1260 1224 ad

113 1283 240 1330 :asum
267 1261 485 1324 decernendae
507 1261 616 1324 ueiors
633 1263 828 1344 captivitatis
845 1282 921 1326 surae
940 1266 1068 1344 praevie
1085 1286 1154 1328 eam
1173 1285 1260 1328 meu·

113 1389 196 1434 ;em
217 1388 307 1432 suam
329 1369 490 1448 insinuat,
515 1375 549 1429 ut
572 1378 681 1430 omnes
704 1369 819 1430 musici
842 1377 1014 1433 concentus
1038 1378 1070 1433 et
1091 1391 1259 1453 campana-

113 1495 203 1537 rum
223 1473 335 1555 pulsus
367 1475 399 1536 in
422 1454 547 1556 signum
569 1472 675 1536 luctus
698 1473 832 1536 durarrte
865 1476 1047 1557 captivitate
1075 1497 1134 1541 sua
1156 1479 1259 1541 conti·
1300 1522 1302 1531 1

113 1587 268 1642 oescant.
289 1575 353 1651 ⁶⁰⁴)
426 1630 428 1634 .

570 1833 573 1839 .
621 1772 657 1867 p.
686 1773 771 1847 rra
837 1817 839 1820 <

126 1907 221 1969 Rex
232 1911 606 1985 Archicpiscopum
621 1914 674 1971 ob
699 1913 838 1970 editas
854 1911 1085 1981 encyclicas
1104 1913 1159 1971 nd
1177 1913 1258 1970 cie·

129 2012 228 2061 rum
245 2004 393 2062 literas
412 2004 458 2063 in
483 2008 566 2065 Jus
593 2004 743 2063 Vocari
769 2003 979 2076 disponite
1005 2003 1256 2078 Archipruc·

131 2097 239 2155 suus
260 2096 442 2166 insignis
460 2096 506 2155 in
525 2099 686 2155 tuendas
702 2111 799 2156 cum
817 2111 897 2156 ιιιιιι
914 2100 1008 2156 rum
1022 2097 1089 2157 rei
1112 2100 1274 2157 catino·-

244 2190 352 2247 licuc
370 2191 568 2248 litter-tote
586 2189 795 2249 fortitudo
812 2204 863 2247 sse
882 2189 1137 2249 constantia.

232 2353 319 2429 Quae
352 2349 550 2413 Gubernium
581 2349 716 2433 Regium
755 2351 788 2412 in
818 2348 982 2432 sequelam
1013 2347 1257 2433 [encyclicarum

131 2442 292 2518 literarum
323 2459 363 2518 ab
386 2457 641 2537 Archiepiscopo
671 2458 777 2519 Dunin
808 2455 850 2517 ad
881 2453 1020 2520 (ilerum
1039 2456 1256 2542 dimissarum,

131 2560 214 2634 egit2
246 2560 357 2623 moritis
381 2583 418 2624 ex
452 2564 611 2644 capitibus
642 2564 741 2644 probe
770 2560 910 2625 notanda
940 2546 1080 2625 ueniunt.
1108 2565 1190 2626 Ante
1221 2582 1258 2624 o·

129 2669 212 2729 mnia
235 2674 449 2749 opportunum
473 2668 647 2729 iudicatum
670 2674 720 2729 est
734 2665 898 2747 Berolini‚
923 2668 952 2729 si
974 2685 1034 2748 ope
1044 2671 1134 2746 liegii
1145 2672 1256 2729 Mani

123 2761 202 2834 liesca·
223 2775 332 2854 Magni
354 2775 581 2855 Principatus
583 2773 810 2835 Posnanieusis
840 2771 957 2835 incolis
989 2770 1160 2834 catholicis
1180 2772 1257 2835 ite·

124 2871 201 2946 &iae
232 2880 273 2941 de
294 2878 412 2946 tuenda
443 2882 585 2960 ipsorum
615 2860 803 2958 religionis
810 2900 848 2940 ac
870 2860 1084 2941 conscientiae
1105 2876 1255 2941 libertate

122 2979 301 3048 voluntatis
324 2984 473 3047 ederetur
495 2975 714 3048 confirmatio.
746 2984 831 3065 qnod
852 2984 958 3066 reipsa
981 2985 1171 3083 praestitum
1192 2983 1257 3048 luit

120 3096 190 3162 θυι
211 3090 378 3153 Manifesti
401 3090 454 3152 dd.
475 3089 756 3172 12.Aprtl.1838
778 3091 810 3151 in
835 3110 897 3171 quo
921 3076 991 3152 lien¹
1013 3089 1161 3153 subditos
1179 3110 1255 3154 suos

118 3195 305 3259 eatirolicos
325 3196 558 3258 Posnanicnses
581 3195 767 3278 alloquens,
790 3194 919 3259 eosdem
942 3184 1072 3259 securos
1090 3193 1199 3260 reddit
1215 3196 1254 3258 de

118 3301 343 3365 ⁰⁰nservanda
360 3300 529 3382 Religilone
546 3301 757 3383 Catholica,'
746 3322 810 3364 ram
832 3323 859 3366 a.
879 3306 971 3365 1815.
993 3300 1169 3364 solenniter
1187 3322 1255 3364 me-

118 3409 274 3470 nuteneri
297 3409 465 3489 promissa.
497 3408 560 3469 Sed
586 3409 655 3490 quis
678 3404 843 3490 crederet,
867 3408 977 3470 eadem
1000 3408 1072 3487 die,
1095 3409 1252 3486 quu'ltex

118 3505 321 3577 Voluntatem
343 3534 431 3577 snam
455 3512 618 3594 Religioni
641 3499 829 3577 Catholicae
859 3513 1032 3600 propitiam
1064 3511 1144 3575 adeo
1176 3530 1254 3575 con-

119 3618 240 3689 8Ιιίιιιιι
269 3620 395 3682 ratione
417 3620 689 3682 Posnanieusibus
719 3620 937 3698 confirmavit,¹
968 3615 1102 3680 eundem
1132 3611 1254 3698 Regem
1292 3635 1293 3638 ’

120 3725 190 3798 ⁰1re
213 3725 373 3805 Rescripti
394 3724 435 3787 ad
457 3725 627 3787 Ministros
659 3731 691 3786 et
719 3723 901 3820 supremum
923 3708 1109 3787 Provinciae
1124 3724 1254 3786 Poena

120 3819 248 3894 ¹¹iensis
279 3830 465 3893 Praesidem
494 3829 573 3893 editi
603 3830 757 3893 adversus
780 3810 1076 3925 Arclriepiscopiu'n'
1093 3835 1253 3911 tamquam

122 3921 244 4015 talem,
276 3937 330 4018 qui
366 3936 400 3996 in
429 3938 595 3999 obversum
624 3936 754 4017 positivi
785 3933 941 3998 mandari
957 3936 1053 4017 liegii
1081 3932 1253 4015 epistolam

122 4041 322 4124 encyclicam
350 4040 392 4103 ad
421 4039 551 4105 (ilerum
579 4042 803 4123 dimiserit,
793 4061 830 4105 ιιι
859 4059 957 4129 eaque
983 4044 1102 4119 contra
1119 4041 1253 4124 praxim

121 4137 213 4212 tisca
241 4149 357 4211 mixtas
385 4147 517 4229 nuptias
542 4145 682 4230 alongo
714 4155 855 4287 tempore
884 4146 1034 4238 usitatam
1062 4128 1251 4231 legibusque

122 4253 376 4289 Nm*
870 4286 880 4291 .,

199 4327 266 4403 604)
283 4341 357 4392 Meu.
376 4341 436 4395 240.
457 4355 518 4408 pag.
493 4339 598 4392 mado
