2798 4838
845 62 852 103 i

578 280 881 373 -ars-“

230 446 398 530 Sceptrnm
425 446 554 527 imperil
586 444 882 509 tenente'Maria
913 443 1158 527 Therasia,
1190 468 1261 510 usos

124 552 349 618 Reversalium
377 553 410 615 ln
445 551 622 614 ditionibus
648 553 828 614 Austriacis
860 552 924 636 lta,
954 558 1053 633 prout
1089 555 1124 616 in
1155 555 1262 636 Regno

122 661 330 741 ilungarlae,
352 657 504 721 invaluit:
527 658 664 719 Decreta
694 659 778 719 enim
803 656 857 720 dd.
875 662 904 724 8.
925 659 1001 720 Dec.
1024 664 1120 723 1770.
1145 660 1262 724 diserte

108 764 282 870 penneltum
311 764 394 847 {uite
425 772 460 826 ut
493 782 633 855 sponsus
666 761 866 824 acatholicus
909 769 982 826 ante
1023 765 1261 846 copulationem

122 872 267 953 parocho
293 886 430 950 sponsae
452 868 741 950 adpromissionem
772 866 1021 950 antenuptialem
1055 871 1097 934 de
1126 870 1261 935 educan-

50 1010 54 1015 -
124 976 177 1040 dis
206 968 356 1059 prolibus
392 975 560 1055 utriusque
598 993 692 1037 sexus
724 974 759 1036 in
794 974 966 1057 Religione
1000 976 1177 1041 Catholiea
1208 978 1260 1040 sub

120 1082 247 1166 proprii
276 1081 417 1144 nominis
448 1081 667 1158 subsriptione
701 1086 734 1142 et
759 1079 868 1160 sigillo
898 1081 991 1162 edat,
1020 1085 1259 1164 promissioque

121 1191 186 1252 ista
213 1190 247 1250 in
272 1187 392 1249 librum
418 1184 653 1251 matricularem
679 1184 850 1249 inseratur}
885 1172 1069 1250 Universim
1101 1210 1165 1266 neo
1198 1192 1260 1252 sine

122 1291 340 1358 reversalibus
370 1290 472 1354 ullum
501 1291 730 1354 admittebatur
755 1293 987 1357 matrimonium
1020 1295 1179 1374 mixtum,
1208 1316 1260 1358 nec

42 1459 45 1466 ,
124 1402 195 1462 sine
217 1396 374 1481 peculiari
397 1397 529 1461 licentia
560 1399 676 1460 Curiae
702 1397 905 1480 Episcopalis
939 1399 1027 1461 idem
1058 1390 1143 1467 iniri
1175 1409 1261 1483 pote·

122 1498 184 1569 rat'.
215 1506 279 1568 Pro
319 1504 502 1577 cuiusmodi
530 1505 622 1588 praxi
658 1502 836 1585 exemplum
868 1507 1170 1586 praebetAgenda
1200 1509 1259 1571 sive

123 1610 302 1674 Rituale
335 1592 640 1685 Olemueense,
688 1611 779 1672 iussu
823 1614 982 1689 Prireer'pta
1019 1596 1260 1694 Arcbteptseepi

121 1722 234 1780 Jacobs·
254 1721 390 1779 Eraecte‘
419 1737 448 1778 a.
470 1720 562 1778 1745.
595 1715 717 1776 editum
729 1712 834 1792 '¹¹⁰²>3
866 1735 883 1777 c
918 1736 981 1797 quo
1018 1737 1085 1780 una
1118 1726 1257 1802 apparet,

69 1818 73 1839 ¹
122 1823 165 1886 ad
192 1821 368 1884 ineundum
400 1828 492 1883 matr.
526 1821 660 1883 mixtum
694 1822 874 1902 Reglminis
907 1841 1034 1903 quoque
1069 1824 1190 1888 Civilis
1215 1827 1258 1888 ia·

123 1927 250 1991 dultem
285 1929 505 1990 necessarium
542 1927 714 1989 exstitisse.
758 1925 947 1991 Reversales
975 1946 1079 2010 perro
1107 1932 1158 1994 sic
1190 1952 1256 1992 een-

121 2034 300 2098 einnandae
335 2039 446 2096 erant:
482 2039 529 2095 ut⁴
547 2053 621 2121 pars
653 2033 850 2096 heterodoxa
891 2054 954 2096 non
984 2040 1117 2097 tantum
1150 2037 1258 2100 eduea-

118 2143 239 2204 tionem
267 2139 461 2211 catholicam
491 2139 631 2200 emnium
653 2138 791 2221 prolium
810 2144 873 2203 aab.
892 2145 1020 2202 vincalo
1041 2153 1158 2206 certae
1179 2162 1259 2205 sam-

119 2266 190 2309 mae
213 2252 440 2325 pecuniariae,
462 2244 521 2307 sed
543 2244 579 2305 id
602 2246 697 2306 etiam
715 2227 905 2326 promittat,
937 2254 1025 2325 qaod
1051 2260 1186 2326 partem
1207 2269 1260 2310 aa·

120 2357 271 2416 tbelicam
292 2363 324 2415 et
342 2357 448 2431 protes
469 2331 513 2413 aet
525 2361 632 2413 terras
653 2355 887 2414 baereticorum
907 2358 995 2414 multe
1012 2373 1168 2433 amquam
1183 2367 1259 2419 tem-

121 2479 199 2540 pore
227 2467 440 2536 traductam,
476 2467 509 2519 et
542 2460 675 2535 insuper
700 2464 823 2538 protes,
861 2468 1032 2538 postquam
1076 2481 1186 2524 annea
1211 2467 1257 2524 dt·

118 2570 288 2628 serettoate
318 2572 451 2643 adeptae
478 2563 621 2645 suerint,
662 2569 801 2642 quelibet
836 2569 994 2626 trimestre·
1021 2569 1179 2632 Paroabo
1206 2572 1256 2630 tect

114 2692 176 2760 pra
197 2677 363 2733 subeunde
387 2673 540 2733 earamr'ae
561 2674 707 2731 oblatura
728 2677 779 2733 eit.
802 2667 881 2743 ¹¹⁰³)

123 2823 372 2838 -ι--ιι--ι-ι-

151 2951 201 2999 pro
230 2935 300 2985 thesi
320 2931 386 2982 illae
419 2935 512 2996 „quod
549 2932 629 2984 etiarn
659 2934 684 2981 in
713 2931 839 2984 Ecclesia
870 2935 992 2984 Romans
1025 2939 1108 2986 selus
1148 2937 1250 2987 obtineri

150 3027 256 3090 possit‘
277 3025 470 3089 permovisset
491 3039 543 3085 quo
563 3025 613 3073 iam
633 3039 656 3075 a.
677 3022 755 3075 1685.
784 3027 934 3075 Matthaeus
959 3029 1139 3091 Praetorias,
1165 3026 1253 3078 Facul-

150 3120 214 3169 tatis
234 3119 467 3183 Regiomontonae
494 3117 645 3167 Membrum
673 3132 721 3178 pro
741 3119 835 3167 eedem
864 3119 934 3166 thesi
954 3124 1106 3178 perorabat
1125 3124 1153 3171 in
1171 3121 1251 3171 libro:

151 3211 226 3260 Tabe
247 3211 322 3267 pocta
350 3212 386 3257 ad
403 3211 543 3258 aniversae
570 3211 728 3272 discidentes
746 3211 774 3258 tn
801 3211 941 3259 Occidente
964 3211 1111 3262 Ecclesiae
1115 3250 1126 3275 ,
1153 3227 1201 3263 eea
1217 3213 1250 3262 dt

151 3315 258 3351 scarras
277 3302 438 3360 tbeetope'cac
464 3303 497 3350 de
514 3303 613 3351 arctoae
631 3302 814 3351 Ecclesiarum
832 3305 974 3351 Romanae
993 3310 1022 3351 et
1040 3308 1247 3356 Protesaouuea.

148 3395 261 3445 Librum
280 3393 352 3440 bunc
371 3393 399 3441 in
420 3390 540 3455 linguam
565 3395 744 3457 germanicam
763 3394 864 3455 vertit,
892 3394 1245 3463 etAquisgranis.1822

147 3486 203 3535 luci
221 3485 348 3547 publicae
367 3485 441 3534 dedit
459 3486 509 3535 Dr.
528 3463 589 3533 Aret.
608 3485 667 3536 Jos.
685 3487 825 3535 Blatera'm

182 3593 268 3660 1102)
287 3597 378 3647 Mon.
396 3595 459 3647 388.
479 3612 541 3664 pag.
560 3595 622 3646 781.

182 3682 445 3772 1103)Reversales
474 3711 626 3760 istiusmodi
653 3711 815 3772 praesertim
834 3714 861 3759 in
879 3713 1091 3766 Arabidioecese'
1115 3714 1239 3767 Viennensi

144 3805 226 3851 erent
243 3799 271 3850 in
288 3815 358 3852 usna
377 3802 527 3866 exemplum
546 3800 652 3854 illarum
676 3804 705 3854 in
736 3803 878 3854 reuocare
897 3804 1029 3864 aarum
1050 3823 1086 3861 ex
1104 3824 1148 3862 an.
1174 3807 1234 3860 177⁸·

147 3890 176 3940 is
195 3891 295 3952 artatae
314 3899 408 3946 metat.
