2798 4838
568 238 799 310 -lltt-

89 350 91 355 Ι
154 382 225 444 ritate
245 379 463 445 ecclesiastica
486 388 617 463 petere,
639 385 666 445 si
689 380 887 463 indulgentia
909 402 966 462 per
989 380 1092 464 legem
1124 381 1248 446 civilem

150 489 245 551 bibula
265 485 406 550 nondum
430 494 480 549 sat
500 493 589 550 tutos
611 507 647 550 se
668 489 895 551 existimarent.
919 485 981 559 ²⁰⁰)

626 656 750 749 §.uo
834 667 837 673 ’

130 770 364 853 'Maketa
386 795 520 865 negt·
537 796 590 854 ric
617 799 685 855 u.
709 799 806 854 Nou.
835 799 958 854 1801.
986 811 1160 855 normae
1184 751 1249 855 Ιιι-7

141 888 216 944 star
235 878 456 945 mamus
473 892 523 944 ut
549 889 692 960 proles
711 903 857 947 omncs
878 903 901 946 e
919 889 1062 946 mixtis
1088 903 1248 947 conssu-

163 996 168 1003 ’
195 976 278 1037 bii:
296 979 464 1048 genitae
481 978 529 1037 irs
546 979 753 1049 reiigione
771 980 912 1038 Patris
931 984 1176 1038 educentur.

100 1130 103 1135 ’
157 1196 159 1200 ,
224 1138 260 1200 lu
282 1136 487 1218 legislatione
509 1140 683 1202 Borussica
713 1141 798 1202 cirea
821 1142 1021 1203 matrimonia
1050 1143 1147 1203 mixta
1170 1160 1247 1222 epo-

143 1241 218 1307 aba
238 1244 355 1306 merito
378 1245 450 1323 figit
471 1246 606 1326 Regia
628 1246 676 1306 sic
698 1246 783 1307 dicta
812 1245 1069 1309 lleclaratio
1099 1245 1161 1308 dd.
1186 1253 1246 1308 21.

140 1346 217 1409 lior.
240 1353 360 1411 1803.
391 1352 482 1412 coins
515 1370 575 1428 ope
598 1353 805 1414 constitutum
829 1352 909 1413 inita
941 1358 1002 1431 „ut
1022 1349 1063 1413 ad
1085 1351 1247 1413 evitandas

123 1449 359 1539 dictaminum,
383 1475 463 1536 quac
487 1476 526 1517 ex
549 1456 766 1537 dispositione
787 1456 870 1538 legis
894 1456 933 1518 de
955 1455 1100 1537 prolibus
1123 1477 1140 1518 e
1163 1458 1243 1519 mix·

141 1557 173 1619 lis
192 1561 356 1621 connubiis
388 1563 553 1642 prognatis
575 1563 607 1622 in
630 1563 833 1625 confessione
855 1569 1021 1644 pareutum
1043 1582 1101 1644 pro
1117 1554 1241 1624 ratione

143 1680 216 1725 seras
236 1665 414 1727 educandis
436 1668 519 1727 inter
540 1666 679 1729 familias
702 1666 798 1730 facile
821 1669 930 1742 oriri,
952 1674 983 1727 et
1005 1668 1037 1727 in
1060 1664 1169 1747 plures
1192 1688 1247 1748 ge-

146 1770 303 1833 smtiones
332 1773 478 1852 protrahi
501 1781 655 1852 possunt,
686 1772 795 1853 proles
825 1792 862 1833 ex
884 1771 1002 1833 talibus
1033 1774 1244 1835 matrimoniis

145 1876 344 1960 incipiendae
367 1896 493 1959 semper
515 1880 749 1940 confessionem
771 1882 879 1940 Patris
907 1884 1100 1958 sequantur,
1133 1884 1166 1939 et
1186 1896 1242 1959 pa-

139 1986 242 2065 rastum
266 1988 379 2043 neuter
401 1981 536 2044 alterum
557 1986 590 2045 in
613 1986 778 2046 obversum
809 2003 937 2045 normae
961 1985 1075 2063 istius,
1104 2003 1163 2063 per
1185 2004 1241 2063 pa-

95 2142 101 2151 .
137 2091 176 2149 tir
193 2108 230 2150 ac
251 2089 474 2149 conventiones
497 2088 643 2150 adalind
663 2088 864 2170 permodum
888 2088 1116 2170 obligationis,
1138 2087 1245 2152 deter-

136 2193 238 2256 stoue
261 2190 381 2254 valeat:
414 2193 626 2275 dispositione
648 2204 786 2257 ceterum
809 2194 866 2256 illa
890 2195 1021 2257 Codicis
1043 2214 1142 2276 porro
1166 2214 1244 2275 qaro-

137 2315 183 2377 ιιι
201 2300 236 2360 in
260 2297 347 2361 salvo
371 2292 505 2377 relicta,
526 2302 566 2372 ,vi
590 2301 680 2361 cuius
703 2302 820 2363 nemini
850 2302 1007 2383 integrum
1030 2308 1100 2379 est,
1129 2320 1243 2381 pareu-

89 2490 91 2495 .
135 2402 203 2466 tius
224 2404 467 2483 contradicere,
497 2405 599 2467 donec
629 2407 664 2467 bi
693 2407 778 2469 inter
809 2407 907 2468 sede
933 2405 1140 2486 religionaria
1168 2426 1244 2487 pro-

133 2503 195 2584 lum
217 2510 404 2571 educatione
434 2512 656 2604 conveniunt.''
677 2508 741 2584 ²⁰¹>
767 2545 804 2556 -
850 2513 1060 2575 Occasionem
1091 2512 1241 2576 Declara-

136 2613 200 2676 tlsni
228 2616 306 2677 boio
335 2616 457 2695 Regiae
487 2618 636 2696 praebuit
670 2616 843 2698 singularis
874 2636 968 2678 casus
1001 2609 1243 2680 matrimonialis
1272 2693 1277 2703 x

135 2713 250 2799 luorum
272 2718 483 2800 Evangelicae
506 2722 702 2782 confessioni
724 2721 924 2783 addictorum
947 2726 1087 2784 virorum
1109 2724 1142 2783 in
1161 2721 1243 2784 Sile-

89 2864 91 2869 -
136 2823 185 2906 ἡ,
213 2826 270 2906 qui
290 2824 400 2904 proles
433 2846 506 2887 suas
530 2825 696 2887 ioemellas
727 2828 920 2887 ematribua
952 2825 1121 2889 catholicis
1153 2829 1243 2908 geni-

134 2932 189 3011 ias,
215 2932 305 3013 iuxta
327 2929 573 3011 dispositionem
607 2930 739 2993 Codicis
761 2951 790 2993 a.
816 2937 908 2994 1⁷94.
930 2934 964 2993 in
987 2930 1156 3012 Religione
1178 2934 1240 2996 Ca-

89 3064 91 3073 ·
132 3033 237 3099 llolica
257 3035 460 3115 educandas,
491 3043 566 3118 post
596 3040 718 3099 obitum
749 3042 884 3099 matrum
917 3037 1114 3101 confessioni
1147 3058 1242 3100 evan·

89 3232 93 3293 'i

132 3139 235 3217 salicae
258 3140 430 3219 addixere,
462 3145 749 3205 nonobstantibus
773 3141 1053 3205 reclamationibus
1077 3145 1239 3206 Paracho-

89 3300 92 3313 .
131 3246 466 3325 timcatbolicornm,
498 3246 580 3327 legis
603 3249 795 3326 praesidinm
818 3248 1076 3329 implorantium
1108 3270 1238 3329 cumque

124 3356 152 3413 -tt
170 3354 322 3435 Regimen
344 3352 438 3415 civile
460 3353 665 3415 fundamento
689 3375 748 3432 eo,
772 3354 875 3434 quood,
898 3353 1000 3416 donec
1020 3357 1105 3417 inter
1124 3376 1238 3437 pareo-

89 3458 107 3498 '·
124 3457 166 3519 ¹les
186 3458 226 3520 de
248 3456 455 3538 religionaria
477 3457 614 3539 prolium
647 3458 835 3521 educatione
860 3461 1021 3538 convenit,
1053 3481 1145 3522 nemo
1168 3459 1237 3523 illis

130 3575 292 3646 repugnare
313 3561 402 3624 licite
424 3565 545 3643 possit,
568 3566 752 3624 memoratis
774 3566 852 3625 viris
872 3563 988 3642 talem,
1023 3564 1149 3644 qualem
1172 3566 1236 3646 ipsi

134 3671 304 3750 cupiebant,
343 3666 583 3748 religionariarn
626 3667 845 3731 educationem
874 3667 1014 3750 prolium
1054 3669 1238 3733 admiserit:

108 3821 110 3825 ,
133 3768 355 3837 laudamentum
383 3793 458 3835 vero
488 3794 544 3835 seu
572 3775 725 3835 motivum
754 3775 815 3835 hoc
844 3792 902 3856 per
924 3775 1077 3854 Regimen
1106 3775 1236 3840 allatum

136 3883 320 3954 comacum
351 3878 501 3941 duntaxat
531 3898 701 3959 prorsusne
733 3881 955 3959 arbitrarium,
996 3888 1026 3941 et
1055 3880 1096 3944 ad
1127 3902 1234 3946 carram

189 4129 251 4198 200)
269 4136 333 4186 vio.
353 4132 442 4186 Cari
477 4132 513 4184 G·
530 4135 563 4183 Ν.
588 4134 736 4197 Rintel,
768 4135 969 4196 Vertbcs'ds'punp
987 4139 1033 4187 dea
1054 4139 1237 4195 Eratiscboses

164 4233 204 4274 voa
222 4226 526 4288 Goeren‚ond1²oseo.
559 4219 711 4288 Weirsburs.
731 4223 818 4276 1839.
835 4240 860 4283 p,
880 4225 927 4277 42.
946 4230 967 4285 s.

89 4316 93 4357 2
189 4315 252 4380 aar)
271 4319 361 4369 uon.
380 4318 424 4367 91.
444 4304 505 4382 pig.
525 4317 585 4367 soa.
