2798 4838
227 955 1008 1073 Pnannnulo.

51 1259 233 1392 Questio
272 1288 321 1364 dc
366 1287 606 1363 matrimoniis
653 1288 780 1365 mixtis
813 1285 913 1367 inter
942 1290 1187 1395 Catholicos,

54 1410 91 1477 et
117 1398 388 1470 Protestantes
416 1392 462 1464 ab
490 1390 684 1485 Eruditis,
736 1394 797 1491 qui
814 1394 1020 1471 occasione
1055 1421 1188 1474 recen-

55 1499 281 1578 tissimorum
313 1494 350 1567 in
378 1494 572 1572 Borucsia
616 1504 815 1571 eventuum
843 1496 1002 1574 eandem
1024 1500 1187 1575 examini

58 1604 319 1690 subiecerunt,
353 1595 579 1696 scriptisque
614 1598 790 1699 operibus
820 1599 1098 1692 inclaruerunt,
1126 1604 1192 1681 oh·

63 1714 148 1780 tutu
182 1698 386 1799 dogmatico
422 1706 461 1775 et
484 1697 646 1775 iuridico
680 1699 729 1775 ad
755 1724 837 1776 eam
865 1701 1011 1802 quidem
1046 1705 1192 1806 perspi·

64 1805 235 1884 coitaten
275 1800 439 1878 adducta
478 1812 560 1877 est:
588 1810 729 1878 utrem
756 1806 823 1878 vix
857 1830 930 1881 non
968 1808 1193 1909 superfluam

57 1918 223 1986 acturum
250 1902 481 2002 existimem,
516 1906 575 2002 qui
612 1916 814 1981 memorato
851 1909 978 1999 ‹ibtutu
1007 1908 1190 2013 quidpiam

57 2011 178 2088 adhuc
215 2006 361 2084 addere
386 2005 518 2083 vellet.
545 2008 623 2080 Ast
649 2008 749 2105 quod
775 2008 824 2081 ad
850 2014 1049 2089 historiam
1081 2039 1192 2113 quae-

56 2114 191 2190 stionis
227 2111 362 2204 istius,
390 2118 429 2186 et
471 2108 715 2210 disciplinae,
760 2112 880 2209 qualis
924 2112 960 2186 in
1006 2114 1193 2194 Ecclesia

55 2218 157 2295 circa
184 2214 303 2288 mixta
328 2210 559 2285 matrimonia
584 2210 673 2286 inde
701 2240 724 2286 a
764 2215 993 2315 temporibus
1030 2218 1087 2295 sic
1138 2219 1193 2293 di-

56 2329 139 2399 ctae
168 2314 466 2393 Reformationis
490 2312 582 2391 Sec.
609 2314 717 2389 XVI.
748 2341 864 2415 usque
883 2331 1122 2418 praesentem
1140 2321 1193 2395 di-

54 2447 112 2502 em
128 2417 478 2521 vigebat,attinet=
496 2439 610 2517 opus,
636 2416 673 2490 in
701 2441 773 2514 quo
801 2419 956 2495 historia
984 2421 1192 2500 huiusmodi

53 2521 179 2625 quoad
209 2519 332 2603 omnia
359 2519 462 2595 orbis
488 2518 666 2595 catholici
693 2519 845 2619 Regna,
875 2547 1079 2624 omnesque
1101 2528 1193 2603 Pro-

58 2626 202 2703 vincias
232 2621 494 2713 exhiberetur,
521 2622 557 2695 in
586 2646 769 2719 praesens
807 2624 1057 2705 desideratur.
1094 2628 1192 2704 Nam

58 2729 151 2806 licet
186 2729 267 2806 Dr.
306 2728 531 2805 Fridericus
573 2728 821 2804 Kunstmonn
865 2729 902 2801 in
947 2754 1063 2829 opere
1102 2758 1193 2805 suo:

56 2833 158 2931 „Die
215 2826 449 2927 gemischten
503 2825 615 2902 Eheu
670 2835 780 2901 nuter
821 2827 893 2902 den
947 2832 1192 2911 christlichen

57 2932 346 3013 Confessionen
394 2927 678 3005 Teutschlands
732 2929 1007 3028 geschichtlich
1060 2934 1194 3035 dange-

58 3036 178 3113 stellt.
240 3034 502 3132 Regenshurg.
555 3036 691 3106 1839.”
743 3033 889 3107 multum
939 3037 1193 3137 praestiterit:

59 3136 317 3216 universalem
343 3144 464 3210 tamen
495 3134 683 3208 historiam
713 3133 944 3235 disciplinae·
973 3142 1096 3238 quoad
1131 3168 1193 3220 ce.

60 3239 246 3320 lehranda
280 3237 509 3314 matrimonia
550 3237 664 3310 rriixta
698 3238 896 3336 nequidem
932 3267 1000 3341 pro
1039 3244 1193 3322 Germa·

67 3346 141 3438 nia,
173 3341 281 3422 cuius
308 3341 426 3417 solius
453 3339 645 3414 historiam
672 3354 807 3416 texere
835 3344 1050 3441 constituit,
1078 3338 1192 3449 plene

69 3446 236 3524 deduxit.
274 3442 467 3521 subsidiis
501 3442 614 3541 igitur·
646 3466 716 3542 pro
752 3446 1013 3521 concinnanda
1048 3453 1193 3528 univer-

64 3551 133 3625 sali
164 3546 473 3622 matrimoniorum
498 3545 693 3618 mixtorum
721 3545 757 3618 in
793 3546 1013 3641 Germania,
1048 3552 1192 3649 Gallia,

65 3653 247 3743 Polonia‚
281 3648 505 3739 Hollandia‚
541 3647 676 3745 llelgiu
715 3658 786 3722 etc.
824 3650 978 3723 historia
1014 3678 1194 3730 necessa-

65 3755 133 3829 riis
162 3778 295 3852 magno
323 3752 453 3826 labore
481 3749 726 3849 comparatis,
766 3751 921 3851 insuper
955 3756 1097 3830 notitiis
1132 3785 1195 3832 au-

66 3857 245 3935 thenticis
273 3854 321 3930 de
349 3853 550 3954 disciplina
583 3851 791 3927 Ecclesiae
821 3857 1064 3958 Gallicanae,
1098 3884 1192 3956 quac

66 3958 311 4059 singulariter
345 3955 508 4031 notanda
535 3964 616 4053 est,
652 3953 775 4029 medio
809 3956 1056 4036 Nunt-iaturae
1091 3964 1195 4063 Apo·
1303 3970 1306 3975 '

68 4064 231 4139 stolicae
257 4058 417 4136 Parisiis
445 4058 627 4148 obtentis,
656 4057 703 4129 ad
732 4058 1020 4136 elucubrandam
1049 4064 1195 4141 histori-

68 4191 125 4241 am
152 4163 372 4263 generalem
400 4160 653 4258 coniugiorum
683 4159 876 4235 mixtorum
902 4163 999 4240 inter
1028 4164 1196 4246 Callicli,

66 4291 141 4347 cos
168 4273 209 4345 et
232 4265 499 4343 Protestantes
526 4262 679 4338 animum
706 4261 851 4341 adieci:
878 4292 993 4366 quae,
1022 4269 1198 4371 quidquid
