2798 4838
582 259 810 329 -4111-

134 409 229 490 1777.
259 406 291 466 in
317 402 350 466 S.
368 400 501 464 Nicoiao
529 401 615 464 datis
644 404 767 464 Puncto
790 400 829 466 V.
860 403 1045 465 coustituit:
1076 410 1112 465 rt
1139 404 1255 476 mixtae
1374 397 1379 404 ’

133 510 306 590 religionis
336 529 490 591 personae
512 528 574 570 non
604 510 693 589 priua
722 509 891 589 iungantur
918 507 1139 585 matrimonio,
1161 527 1255 590 quam

132 618 320 696 Episcopus
348 612 531 677 facultatem
563 613 737 677 assistendi
766 615 950 694 praebuerit
973 609 1057 688 ⁹⁶²);
1095 616 1276 694 posterior·

132 731 242 783 autem
264 721 452 783 loannes
477 719 601 801 Suily
624 717 655 781 iu
679 718 826 800 Epistola
849 717 1028 797 Pastora11‚
1060 739 1153 801 quam
1183 740 1256 783 cum

133 827 224 889 adito
244 824 458 907 ¹Elpiscopalis
487 829 536 888 sui
566 826 703 887 muneris
741 847 771 887 a.
799 829 889 886 1777.
923 824 964 887 ad
992 823 1121 888 illerum
1152 824 1254 904 dedit,

133 933 347 993 matrimoniis
370 931 475 992 mixtis
498 932 714 993 assistentiam
738 951 877 1011 eousque
906 932 1054 1012 praeberi
1075 932 1256 1012 prohibuit,

133 1037 239 1099 donec
269 1057 325 1099 seu
347 1038 418 1118 lpse
441 1037 506 1099 alre
532 1038 767 1099 Consistoriom
797 1035 838 1098 ad
868 1033 902 1097 id
924 1034 1107 1099 facultatem
1135 1038 1256 1119 imper·

132 1146 266 1205 tlautur.
288 1139 350 1212 ⁹³⁸)

619 1310 655 1404 p.
683 1313 769 1384 241.

132 1453 168 1511 A
195 1450 472 1510 Resolutiorrc
498 1451 633 1519 Retia
659 1453 710 1509 da
737 1425 1039 1510 Renes-salibus
1065 1466 1104 1510 ιι.
1133 1454 1256 1511 mc.

133 1543 251 1601 editos
273 1556 593 1612 ιιοιιιιιιιιιιιιιιιιι
611 1543 706 1613 ipo·
726 1543 957 1602 micantes-ia
982 1543 1164 1616 Politice
1190 1558 1256 1601 ra·

127 1638 374 1705 conseruata
392 1636 506 1706 quod
526 1634 738 1703 statuum
750 1640 941 1708 exemplo
956 1652 980 1694 e
993 1634 1135 1695 lituae·
1146 1637 1257 1695 lm·

420 1726 613 1785 montensi
633 1729 961 1789 demonstratur.

234 1930 313 1990 Utut
338 1926 506 1990 Resolutio
537 1931 638 2009 Regia
669 1929 710 1992 de
732 1934 785 1992 28.
806 1929 870 1992 Jul.
904 1935 995 1993 1768.
1025 1927 1111 1992 clare
1143 1928 1255 2011 dispo-

127 2036 252 2108 arserit,
275 2040 367 2096 matr.
390 2036 487 2095 mixta
507 2035 540 2096 1ιι
563 2042 726 2113 posterum
749 2036 876 2097 nonnisi
898 2038 956 2098 sub
979 2034 1165 2098 conditione
1190 2036 1255 2098 ile-

126 2138 301 2202 versalium
334 2138 372 2200 de
404 2137 548 2222 prolibus
572 2143 717 2204 omuibus
747 2139 905 2203 catholice
937 2138 1110 2203 educandis
1141 2139 1256 2203 admit·

127 2246 227 2308 tenda
250 2265 337 2308 esset
370 2247 472 2306 evcnit
494 2252 597 2307 tamen
629 2268 878 2329 nonnumquam,
907 2256 942 2309 ut
972 2248 1130 2309 contraria
1162 2244 1256 2328 plane

126 2350 300 2415 Resolutlo
333 2353 364 2411 iu
393 2349 531 2412 favorem
554 2342 802 2414 Prot'estautlum
831 2373 890 2434 per
912 2334 1087 2414 lllcasterid
1118 2349 1255 2414 Polltlca

128 2457 297 2544 ederetur,
320 2457 410 2518 cuius
433 2457 636 2520 memorabile
667 2456 843 2537 exemplum
874 2479 890 2520 e
912 2460 1060 2522 Dioecesi
1089 2464 1255 2522 necerecta

127 2562 625 2642 Rosuavlensiproierimus.
641 2563 772 2626 Ultimi
781 2563 905 2627 scillcet
924 2565 1089 2644 regiminis
1111 2563 1156 2627 M.
1168 2562 1256 2624 The·

127 2671 234 2730 resiae
258 2670 348 2730 aunis
371 2668 543 2750 singularis
572 2668 642 2731 illic
663 2670 695 2729 iu
719 2669 999 2749 pertractationem
1031 2687 1099 2729 cum
1123 2667 1256 2728 llioece·

128 2794 261 2852 sanam,
282 2779 354 2836 tum
373 2773 616 2838 Dicasterlalem
637 2776 722 2836 veuit
752 2781 842 2836 matr.
866 2775 955 2834 mixti
978 2791 1080 2834 casus.
1112 2768 1257 2853 Sponsus

129 2879 250 2960 quippe
274 2879 460 2943 catholicus
492 2902 563 2944 cum
593 2899 712 2960 sponsa
741 2882 941 2959 Augustanae
962 2878 1168 2940 'confessioni
1200 2874 1257 2939 ad-

129 2987 239 3062 dicta,
262 3005 324 3046 uon
348 2992 468 3048 tanturm
491 2984 588 3048 nullis
612 2985 653 3047 ad
685 2985 873 3064 exigentiam
897 2981 1115 3065 Resolutlonis
1136 2983 1257 3065 Regiae

129 3092 216 3154 datis
240 3089 280 3151 de
303 3090 457 3153 catholica
482 3090 619 3173 prolium
642 3090 828 3152 educatione
845 3086 1088 3166 decennalibus,
1112 3086 1169 3152 sed
1187 3086 1257 3170 pla·
1317 3149 1319 3153 .

127 3217 170 3260 ue
193 3217 290 3277 penes
314 3199 513 3279 sponsionem
536 3199 568 3258 io
592 3198 757 3259 obversum
779 3195 1000 3257 Resolotionls
1022 3195 1062 3256 11.
1085 3215 1146 3276 pro
1167 3194 1256 3258 favo-

128 3324 167 3373 re
190 3305 350 3364 consortis
375 3324 450 3364 suae
471 3302 512 3364 de
535 3305 605 3386 ipsa
628 3306 660 3365 in
684 3302 834 3365 exercitio
857 3319 931 3363 suae
954 3301 1165 3362 confessionis
1196 3302 1258 3363 mi·

129 3411 216 3472 nime
240 3407 393 3471 turbanda
417 3416 449 3470 et
477 3409 515 3471 de
537 3408 682 3489 prolibus
712 3406 862 3468 foeminei
893 3427 986 3471 serus
1015 3408 1048 3468 ln
1069 3407 1148 3487 Aug.
1172 3405 1257 3467 Cou-

129 3514 272 3576 fessionc
295 3513 467 3575 edomandis
486 3515 607 3594 scripto
624 3511 780 3590 elicitam,
803 3531 861 3593 per
870 3513 1053 3574 Ministrum
1071 3511 1150 3591 Aug.
1162 3508 1256 3572 (loni.

130 3618 300 3700 copulatus
322 3626 380 3680 est.
402 3619 450 3680 Re
473 3620 576 3707 primo
599 3619 639 3680 ad
663 3620 694 3679 S.
718 3617 832 3678 Sedem
856 3616 1109 3693 Ordluarlatus„
1126 3620 1193 3676 tum
1216 3611 1257 3676 ad

128 3724 272 3806 Metrop.
295 3726 415 3785 Forum
438 3725 655 3804 Strigoniensc
669 3717 784 3784 'delata
807 3728 839 3784 et
861 3720 1028 3798 discussa,
1051 3721 1201 3802 coniuges
1223 3720 1257 3783 iu

130 3850 236 3913 poena
268 3837 391 3892 centum
422 3849 592 3892 aureorum
620 3829 865 3903 convincuntur3
898 3825 1120 3889 Ordioariatus
1152 3830 1257 3888 autem

131 3936 359 3999 Rosuavicnsis
383 3943 531 4016 exparte
555 3930 680 3997 sttanll
709 3935 911 4014 intermittit,
941 3951 1002 4013 quo
1033 3929 1156 4014 prolem
1187 3930 1255 3993 ioe-

131 4038 261 4105 mellam
286 4061 322 4103 ex
344 4040 542 4103 matrimonio
571 4047 745 4104 memorato
778 4047 958 4123 susceptam
984 4023 1158 4139 ¹catholice¹
1176 4035 1257 4100 odu-

133 4163 382 4184 Μ

206 4229 273 4293 952)
294 4235 385 4285 Toboi.
404 4233 579 4291 Sceoueteore
603 4235 637 4284 de
654 4236 680 4282 o.
708 4231 795 4284 1777.

205 4319 271 4385 958)
291 4324 381 4375 ltiou.
400 4325 461 4376 1102.
480 4339 542 4390 pag.
567 4323 627 4375 188.
