2798 4838
593 290 645 305 -
669 251 749 324 218<
771 290 823 314 ,-

624 480 662 574 p.
690 481 778 555 121.

37 674 40 700 ι
137 600 491 682 ordinarlstnnm
524 619 724 681 nonnulli
753 617 867 678 circ·
902 616 1266 692 promulgationes

136 717 261 773 mtr-
290 713 521 796 mixtorum
547 728 738 782 congrua
765 727 863 770 mox
897 715 1164 781 statuerunt,
1194 710 1265 769 olli

137 800 548 866 communicantium
565 806 681 864 seclis
695 804 960 877 spostolicae
980 805 1263 876 expetierunt·

238 965 310 1031 Non
337 987 447 1030 omnes
476 968 629 1030 Bavariae
661 915 815 1048 Episcopi
856 963 998 1028 eiusdem
1031 969 1123 1028 erant
1155 985 1264 1028 sensus

136 1073 223 1134 circa
253 1073 389 1155 Regiam
423 1071 689 1157 Resolutionem‚
727 1080 759 1134 et
798 1073 1002 1154 Rescriptum
1039 1070 1262 1134 Ministeriale.

16 1168 19 1177 ’
78 1211 82 1227 ·
135 1178 292 1259 Episcopi
326 1183 598 1258 Wircclurpensc's
633 1185 665 1240 et
686 1182 848 1258 Spirensis
875 1179 938 1240 iarn
960 1177 1071 1258 prius,
1100 1181 1177 1238 ante
1201 1175 1262 1238 edi-

134 1288 202 1345 tam
222 1282 464 1347 Resolutionem
494 1285 647 1365 Regiam,
677 1276 946 1362 proclamationes
977 1290 1010 1345 ct
1031 1281 1261 1361 copulationem

35 1458 39 1465 ,
135 1389 329 1452 etiamtunc
351 1389 564 1452 instituendas
587 1389 815 1474 decreverunt,
843 1388 918 1452 dum
942 1409 1100 1471 unapars
1126 1387 1261 1471 prolium

99 1550 102 1557 .
133 1494 167 1556 in
190 1495 393 1558 confessione
423 1497 655 1577 protestantica
672 1494 849 1558 ¹educanda
880 1495 1095 1576 praevidetur.
1129 1496 1260 1573 llpisco·

134 1619 195 1681 pus
216 1602 428 1680 Augustanus
450 1592 686 1664 dd.17.Mart.
708 1606 801 1663 1832.
825 1600 1028 1663 Resolutioni
1050 1601 1090 1663 R.
1114 1601 1258 1678 accessit,

134 1705 330 1787 eandemque
353 1728 371 1768 a
393 1708 546 1788 parochis
569 1708 690 1769 servari
711 1708 808 1768 iussit
829 1708 892 1785 ita,
924 1712 960 1767 ut
982 1706 1024 1767 ad
1045 1716 1156 1768 casum
1178 1703 1257 1767 leand

132 1812 313 1892 promissae
335 1813 515 1875 catholicae
546 1813 684 1875 omniurn
707 1812 846 1892 prolium
879 1807 1081 1874 educationis
1102 1813 1190 1892 parti
1212 1831 1256 1899 ca·

132 1915 275 1980 tholicae
298 1918 498 1998 significent:
521 1917 758 2000 copulationem
778 1919 926 1979 ministro
945 1919 1177 1998 protestantico
1194 1936 1255 1998 per·

132 2021 289 2103 agendam
319 2018 478 2103 relinqui,
509 2030 693 2086 attestatum
714 2030 819 2086 tamen
841 2045 939 2102 super
960 2024 1118 2085 institutis
1143 2022 1254 2085 denun-

132 2127 346 2207 elationibus,
376 2127 486 2209 quales
508 2149 678 2211 numquam
700 2129 957 2194 intermittendae
981 2131 1064 2210 sint,
1097 2126 1255 2191 extradere

131 2252 196 2297 non
226 2243 376 2296 recusent
390 2230 464 2308 ⁴²⁰).
495 2235 767 2315 Archiepiscopus
796 2239 1017 2312 Monacensis,
1047 2241 1082 2296 et¹
1100 2233 1252 2316 Episcopi

131 2344 393 2420 messanensis,
418 2360 455 2402 ac
478 2345 696 2402 Pannonico-sis
716 2359 783 2401 rem
806 2347 904 2402 totam
926 2340 968 2402 ad
991 2341 1024 2403 S.
1042 2339 1159 2402 Sedem
1175 2341 1255 2421 Apo·

133 2443 282 2508 stolicam
303 2465 362 2527 pro
386 2444 551 2508 decisione
579 2446 768 2508 retulerunt.
800 2446 892 2508 Licet
922 2452 1028 2507 arrtem
1057 2466 1122 2508 non
1154 2463 1255 2509 omnes

128 2550 357 2615 ordinariatus
388 2551 529 2614 eiusdem
561 2551 683 2613 luerint
714 2551 822 2633 quoad
853 2550 1097 2614 Resolntionem
1129 2552 1255 2633 Regiam

131 2658 267 2720 mentis:
293 2659 427 2738 Regium
450 2663 553 2719 tamen
577 2659 793 2720 Ministerium
817 2677 877 2738 ope
901 2658 1066 2738 Rescripti
1089 2659 1184 2720 initio
1207 2679 1255 2720 an·

131 2763 898 2826 ni1832.ndConsistoriumProtestanticum
922 2751 1049 2825 dimissi
1080 2784 1145 2826 non
1170 2762 1254 2827 dubi·

85 2865 91 2878 “
130 2871 210 2932 tavit
239 2869 421 2948 offirmare,
450 2872 631 2950 Episcopos
662 2870 767 2950 Regni
798 2868 1034 2948 declaravissc,
1065 2889 1100 2930 se
1123 2865 1256 2932 Resolu-

129 2976 211 3038 tioni
235 2977 356 3055 Regiae
378 2973 589 3037 conformiter
609 2975 761 3056 parochis
792 2975 833 3037 ad
855 2974 1123 3056 proclamationes
1147 2976 1255 3038 mixto-

124 3101 201 3143 rum
222 3081 498 3142 matrimoniorum
519 3080 663 3162 aliasque
695 3080 875 3143 functiones
907 3080 1075 3161 legetenus
1109 3080 1255 3164 depostas

129 3188 352 3249 incunctanter
372 3186 587 3249 instituendas
610 3187 759 3249 mandata
782 3185 922 3250 dedisse.
933 3181 998 3252 421)

617 3357 653 3450 g.
681 3358 769 3427 122.

128 3497 265 3556 Breve
288 3493 484 3566 drogonis
499 3495 605 3555 m.
632 3498 686 3555 nel
709 3496 939 3569 Episcopus
966 3493 1175 3554 Bonos-inc
1195 3494 1257 3554 rici.

130 3591 199 3648 Μ.
214 3588 315 3649 Maii
330 3593 455 3650 1882.
473 3591 524 3649 irs
544 3590 698 3648 merito
721 3590 951 3647 mixtorum
968 3587 1257 3648 matrimoni·-

640 3697 753 3741 l'llms

229 3800 405 3882 Postquam
444 3803 686 3883 Gregorius
716 3802 752 3862 P.
773 3802 809 3863 P.
842 3798 943 3864 XVI.
981 3819 1039 3880 per
1073 3801 1253 3881 Episcopus

130 3906 283 3967 Bavariae
305 3904 347 3966 de
370 3926 406 3968 eo
429 3910 549 3970 certior
570 3907 716 3969 redditus
737 3907 873 3986 fuisset,
908 3906 1044 3968 inveniri
1067 3903 1259 3986 complures,

197 4055 272 4116 lew,
293 4055 384 4105 M'on.
403 4056 463 4107 166.
482 4072 544 4124 pag.
563 4058 680 4110 2111-
704 4059 793 4121 Idem,
814 4059 885 4120 quod
903 4055 1058 4118 Episcopus
1080 4056 1258 4124 Augustanus

162 4147 316 4211 ordinavit,
352 4149 596 4211 Archiepiscopnm
629 4165 736 4212 qnoque
766 4152 1004 4211 Bamberpemm,
1041 4154 1069 4199 et
1100 4149 1259 4212 Episcopum

162 4234 382 4290 montanensem
400 4241 589 4304 disposuisse,
607 4245 708 4294 refert:
727 4242 769 4293 Li
779 4256 823 4305 pp
837 4247 919 4306 ert,
936 4243 987 4293 loc,
1010 4239 1047 4290 cit
1064 4254 1090 4299 p.
1109 4237 1158 4291 17.

196 4327 264 4393 421)
282 4331 371 4382 Mon.
391 4332 451 4383 167.
471 4333 602 4398 psg212.
737 4338 740 4343 ⁴
