2798 4838
588 240 837 328 ‘eles-

134 381 252 466 nendi,
286 403 325 448 an
357 388 516 448 certamen
550 386 721 448 subeamus
749 381 862 448 inutsse
894 391 927 448 et
954 380 1124 448 Ecclesiae
1154 388 1265 466 perni-

135 491 304 555 ciosumi''
319 492 442 573 Quibus
465 491 569 553 verbis
592 490 634 553 ad
655 493 778 572 praxim
799 492 959 579 mitiorem
975 489 1148 573 alludens,
1160 488 1262 556 *talem

134 598 169 660 ib
190 597 376 661 Provincias
399 597 570 658 Rhenanas
594 598 689 659 etiam
710 596 819 659 induci
841 599 999 680 cupiebat.
1032 596 1119 678 Quid
1141 597 1256 660 Romae

134 704 211 784 erga
233 723 383 764 recursus
404 705 642 784 Episcoporum
674 702 819 765 decisum
847 703 966 764 fuerit:
994 702 1030 764 id
1057 703 1200 784 primum
1230 705 1255 765 iu

15 874 20 890 ,
133 808 279 892 Epochis
303 809 510 890 sequentibus
533 809 864 870 commode'enarrari
894 808 1035 889 poterit,
1068 827 1141 871 cum
1163 804 1255 895 Breve

132 903 199 977 1¹11
220 912 329 977 VIII.
362 914 417 994 qui
439 914 573 975 Leoni
594 914 681 977 XII.
710 916 832 976 interea
863 913 941 976 fatis
969 914 1102 994 functo,
1135 933 1254 977 succes·

133 1020 199 1100 sit,
229 1024 262 1081 et
291 1017 332 1081 ad
362 1039 512 1080 recursus
536 1026 783 1082 memoratorum
804 1020 1040 1102 Episcoporum
1070 1021 1254 1101 rescripsit,
1287 1067 1291 1076 .

132 1121 231 1207 longo
254 1131 397 1203 tempore
419 1126 453 1186 in
475 1126 621 1187 manibus
643 1126 740 1206 Regii
749 1126 927 1187 Ministerii
948 1125 1109 1205 haeserit,
1131 1145 1192 1188 nec
1213 1127 1254 1187 ni-

133 1231 161 1295 si
185 1233 384 1306 annolflbi.
406 1231 583 1312 Episcopis
604 1231 826 1312 consignatum
847 1229 960 1293 fuerit.
989 1230 1080 1320 Nunc
1112 1251 1190 1294 vcro
1223 1230 1257 1294 ad

133 1332 225 1400 iilum
246 1336 440 1400 narrationis
462 1338 661 1399 revertimur.

592 1612 594 1617 .
623 1548 659 1642 g.
682 1549 773 1621 noo.

132 1729 537 1818 Episcopilthennrri
556 1730 934 1800 voruntosnrcgrac
952 1733 1005 1788 dc
1018 1717 1259 1803 promulga-

132 1823 323 1882 tionibus
340 1836 509 1893 sompes·
531 1822 813 1881 Instituendis
837 1823 880 1880 'et
903 1822 1043 1880 literis
1064 1823 1258 1883 dimisso·

39 1979 40 1983 ,
132 1901 316 1976 risuum
326 1915 613 1982 extrudendis,
631 1931 719 1973 non
729 1919 968 1987 exspectata
986 1917 1148 1974 Summi
1157 1921 1259 1976 Pori·
1289 1908 1292 1915 ’

270 2006 398 2065 tiliois
415 2008 695 2076 resolutione,
710 2011 829 2067 ultro
843 2009 1130 2067 consentiunt.

237 2191 434 2272 Quamquam
454 2191 613 2273 Episcopi
635 2189 875 2288 Provinciarum
906 2191 1133 2252 Rhenanarum
1150 2153 1255 2270 nego·
1285 2179 1298 2195 “

133 2294 214 2357 tium
236 2296 510 2358 matrimoniorum
540 2298 711 2358 mixtorum
741 2296 818 2358 Sedi
848 2293 1055 2376 Apostolicae
1086 2315 1146 2376 pro
1172 2294 1253 2372 deci·
1280 2308 1298 2359 ι’

133 2399 225 2462 sione
246 2400 570 2483 repraesentaverim:
604 2402 665 2463 hac
695 2408 800 2464 tamen
832 2422 895 2462 non
927 2406 1131 2483 exspectata,
1161 2401 1253 2482 siqui-
1295 2395 1298 2447 j

133 2501 292 2574 demptam
304 2507 424 2587 Regiae
447 2528 540 2589 quam
559 2505 790 2569 Ministerialer
813 2505 927 2569 literae
948 2507 985 2568 id
1006 2508 1161 2587 urserint,
1172 2513 1208 2569 ut
1226 2507 1253 2568 in

130 2612 259 2693 punctis
281 2596 465 2693 nonnullis,
489 2613 652 2692 signanter
680 2615 713 2674 iu
735 2611 1047 2694 promulgationibus
1077 2632 1137 2694 per
1168 2633 1252 2695 paro-

91 2741 96 2749 ·
130 2715 208 2779 chos
239 2717 422 2780 catholicos
451 2721 536 2780 omui
568 2721 600 2780 in
632 2740 706 2780 casu
730 2719 956 2798 instituendis,
989 2726 1087 2800 prout
1110 2721 1208 2782 etiam
1227 2721 1251 2780 iu
1295 2772 1298 2779 .

131 2821 336 2886 extrudendis
360 2823 631 2889 dimissorialibus
662 2824 787 2905 literis,
819 2831 891 2886 ante
921 2823 1154 2888 resolutionem
1178 2827 1251 2888 Pon·

32 2993 36 3007 ,
130 2928 285 3008 illiciam,
307 2932 440 3011 propria
463 2951 520 2993 sua
542 2933 731 2993 auctoritate
762 2950 900 3010 congrua
929 2931 998 2991 sine
1029 2951 1119 2993 mora
1151 2929 1251 3012 dispo·

53 3007 56 3032 Ι
129 3041 260 3096 nerent:
291 3035 390 3097 iidem
413 3038 568 3119 Episcopi
599 3036 706 3117 quoad
735 3042 904 3115 utrumque
935 3037 997 3097 hoc
1028 3042 1184 3116 punctum
1203 3056 1250 3097 vo·

130 3134 248 3201 luntati
264 3140 385 3221 Regiae
409 3143 597 3222 obsequnti,
622 3144 759 3205 (iuratos
783 3142 990 3203 conformiter
1012 3144 1183 3205 inviarunt.
1205 3141 1250 3205 Sie

128 3245 299 3327 Episcopo
336 3245 372 3307 M
384 3266 402 3307 ο
414 3250 713 3318 nasteriensis
737 3247 897 3310 circulari
920 3248 975 3311 dd.
993 3253 1043 3310 31.
1056 3249 1152 3312 Mart.
1166 3252 1250 3314 1828.

130 3347 270 3431 duplicis
294 3351 417 3414 ordinis
433 3353 589 3415 Parochis
612 3355 788 3433 commisit,
811 3362 846 3415 ut
867 3353 1138 3435 proclamationes
1162 3374 1250 3437 spon·

128 3474 237 3518 sorum
259 3456 402 3520 diversae
423 3457 591 3540 religionis
615 3462 710 3521 etiam
741 3467 817 3521 tunc
840 3462 1026 3539 instituant,
1060 3462 1089 3524 si
1120 3463 1251 3543 promis·

127 3561 176 3625 sio
185 3561 225 3625 de
233 3562 392 3627 catholica
402 3566 541 3627 omnium
558 3564 698 3647 prolium
717 3565 905 3628 educatione
922 3586 986 3628 non
1005 3564 1112 3646 adsit,
1135 3584 1252 3649 unaque

126 3664 239 3731 literas
263 3669 494 3755 dimissoriales
509 3673 592 3752 parti
609 3670 786 3734 catholicae
805 3669 988 3749 extradent,
1012 3692 1074 3751 quo
1092 3671 1165 3753 Ipsa
1188 3680 1252 3735 cum

126 3791 247 3856 sponso
272 3776 453 3839 acatholico
471 3798 488 3839 a
504 3778 651 3838 ministro
666 3777 829 3839 haeretico
847 3775 1086 3859 copulationem
1113 3780 1252 3841 obtinere

126 3876 247 3957 valeat5
270 3887 338 3944 tum
359 3882 518 3964 parochos
543 3901 579 3944 eo
602 3882 753 3961 inviavit,
783 3884 872 3944 utin
904 3883 990 3944 omni
1012 3884 1254 3948 mansuetudine

126 3983 208 4049 tales
231 4006 384 4068 personas
408 3993 562 4068 tractent,
584 3994 746 4069 partemve
761 3987 952 4052 catholicam
968 3987 1009 4052 ad
1030 3987 1255 4071 obligationes,

128 4110 208 4172 quae
237 4091 328 4156 illam
359 4099 436 4175 port
467 4096 583 4157 initum
606 4095 788 4175 coniugium
820 4100 964 4174 manent,
997 4099 1153 4159 attentam
1184 4095 1271 4159 red--

128 4195 226 4279 dant,
249 4218 350 4280 eoque
372 4203 501 4264 flectere
524 4206 686 4282 satagant,
709 4206 745 4262 ut
761 4200 917 4264 adhibitis
933 4200 1021 4284 apud
1034 4202 1186 4265 maritum
1203 4221 1254 4264 su·

127 4320 179 4366 rum
201 4305 306 4368 modis
330 4306 495 4389 quiburrvi
519 4307 602 4372 huuc
626 4305 667 4373 ad
689 4306 891 4375 annitendum
914 4307 1096 4374 educationi
1120 4306 1254 4374 catholi-
