2798 4838
608 240 784 307 ..4-

547 376 748 475 Dua.

138 542 409 606 Matrimonia
426 540 558 599 mixta
575 540 747 613 proprie
767 540 828 600 rie
845 543 969 601 dieta.
985 543 1257 602 lictor-mat·-

52 624 62 653 ³'
138 653 209 697 rer
241 650 301 693 eat
325 632 510 705 primum
541 625 818 704 dissuadent,
845 634 1012 690 tardius
1046 648 1257 694 commen·

138 732 258 798 dant,
273 728 349 786 reri
363 724 447 784 ribi
463 739 551 782 non
569 727 780 794 constant,
799 727 911 792 quod
928 722 1104 784 liutheri
1119 740 1258 784 exem·

555 817 627 887 plo
645 816 831 873 docetur.
1033 837 1035 841 ’
1112 832 1124 864 e

238 978 442 1047 Matrimonia
465 977 559 1038 mixta
581 977 711 1056 proprie
735 977 780 1037 ita
803 974 909 1054 dieta,
931 995 1011 1054 quae
1028 965 1153 1038 scilicet
1171 979 1258 1040 inter

135 1083 320 1149 catholicos
344 1101 382 1142 er
404 1102 482 1164 uua,
513 1089 546 1144 et
574 1089 679 1142 sectae
702 1080 961 1142 Reformatorem
983 1081 1194 1145 adhaerentes
1218 1104 1257 1146 ex

133 1189 234 1252 altera
255 1194 345 1270 parte
368 1188 652 1264 contrahebantur,
674 1187 708 1247 in
725 1185 834 1247 multis
855 1187 985 1265 imperii
1008 1187 1256 1258 Romano-Ger-¹

132 1296 247 1358 manici
269 1293 444 1356 Provinciis
467 1292 522 1353 diu
543 1312 583 1353 ne
604 1289 739 1353 tolerata
763 1291 891 1371 quidem
912 1290 1011 1353 fuere.
1050 1291 1130 1353 Nam
1163 1292 1256 1357 ordi·

132 1400 220 1462 narie
243 1396 378 1478 quilibet
400 1396 546 1458 subditus
571 1395 772 1476 Religionem
791 1397 949 1476 Principis
972 1395 1132 1459 Catholici
1161 1401 1252 1477 sequi

131 1507 314 1582 tenebatur,
347 1512 399 1582 et,
431 1505 459 1564 si
488 1503 583 1564 etiam
612 1505 644 1563 in
676 1503 779 1562 animo
808 1501 971 1562 doctrinae
987 1500 1254 1567 vRei'ormatorurn

130 1609 277 1672 addictus
308 1608 412 1686 foret,
442 1616 569 1670 externe
599 1615 703 1668 tamen
734 1605 847 1668 Fidem
873 1604 1072 1668 catholicam
1094 1610 1253 1690 profiteri,

128 1715 392 1776 et'Saeramenta
421 1714 487 1774 ritu
521 1711 689 1774 catholico
722 1714 884 1792 suscipere
922 1709 1132 1791 obligabatur.
1179 1715 1253 1778 Non

128 1817 228 1881 multo
258 1826 333 1898 post
362 1823 465 1878 tamen
486 1815 740 1896 indulgentiores
762 1817 822 1878 hac
844 1818 877 1876 in
899 1837 934 1877 re
957 1826 1047 1878 erant
1068 1818 1250 1902 Principes,

128 1934 161 1987 et
190 1920 387 1986 Acatholieis
419 1941 543 2000 quoque
572 1921 711 1982 subditis
743 1941 802 2002 ope
834 1920 1041 2000 singularium
1067 1927 1251 1988 conventio-

126 2049 202 2090 num
224 2034 258 2088 et
277 2032 441 2106 pactorum
469 2024 606 2087 liberum
637 2023 741 2086 cultus
766 2025 865 2085 divini
888 2028 1071 2088 exercitium
1093 2031 1251 2094 concede-

127 2137 213 2197 bant.
236 2132 330 2210 Quod
351 2135 514 2210 signanter
535 2132 718 2210 Principem
738 2131 936 2211 Episcopum
967 2136 1251 2199 Menoeterienacm

103 2257 208 2301 *auno
239 2235 331 2298 1553.
363 2235 416 2297 die
450 2240 498 2297 14.
528 2235 697 2298 Februarii
725 2235 842 2296 fecisse
864 2243 999 2298 constat.
1028 2239 1142 2301 Atrea
1166 2241 1249 2304 haec

104 2388 105 2391 ,
126 2362 198 2405 mox
222 2342 416 2422 quaestionis
434 2339 523 2402 illius
543 2339 736 2400 discussioni
754 2360 863 2402 ansam
882 2340 991 2401 dedit:
1018 2361 1062 2403 au
1078 2363 1151 2406 cum
1168 2350 1247 2409 bae-

124 2451 232 2514 retieia
253 2451 502 2517 communionem
515 2445 628 2520 fouere
649 2446 760 2508 licenti
791 2447 1017 2523 Quaestionem
1039 2447 1135 2535 istam
1155 2469 1243 2514 cum.

124 2553 235 2634 primis
257 2553 321 2633 ipsi
343 2550 592 2618 Reformatiouis
618 2548 790 2629 coryphaei
820 2552 1002 2612 versabant:
1034 2551 1241 2615 Melanch·

102 2666 213 2736 ion,
243 2660 439 2734 Bucerus,
471 2656 615 2717 Petrus
641 2653 817 2734 Martyr,
853 2654 1066 2732 Calvi·nus;
1093 2676 1241 2741 ,querum

122 2769 302 2844 postremus
325 2760 411 2823 edito
433 2757 587 2842 peculiari
608 2756 673 2836 „de
697 2758 823 2820 vitanda
844 2762 1093 2840 superstitioue''
1115 2760 1241 2847 libello,

121 2870 219 2931 ritum
247 2864 486 2929 Catholieorum
516 2865 702 2941 traducere,
735 2874 766 2924 et
794 2867 830 2925 iu
855 2867 961 2938 specie
989 2850 1241 2932 administratio·

122 2991 195 3035 nem
217 2971 412 3033 sacramenti
432 2970 684 3031 Matrimonium
705 2968 850 3031 Ecclesia
869 2970 1034 3033 catholiea
1051 2977 1240 3037 usuvenien-

88 3123 91 3126 -
119 3076 295 3147 tenrirni
324 3096 360 3138 ae
391 3076 561 3147 contemtui
592 3092 747 3156 exponere
768 3093 830 3135 non
846 3076 988 3157 eruhuit.
1025 3077 1068 3138 At
1088 3098 1151 3141 non
1174 3081 1240 3145 fuit

118 3181 197 3244 haec
220 3181 359 3245 omnium
381 3180 639 3241 Reformatorum
661 3181 826 3240 sententia.
849 3179 1003 3241 Permulti
1025 3184 1109 3269 enim
1128 3205 1166 3247 ex
1181 3187 1237 3268 iis,

120 3291 224 3348 recma
246 3305 321 3349 suae
343 3285 509 3366 pomoeria
531 3284 699 3345 extendere
720 3283 920 3361 adnitentes,
939 3285 1146 3373 ,popularibus
1165 3293 1236 3354 ruir

116 3408 299 3473 persuasum
319 3391 428 3468 ibant,
441 3395 486 3460 ,ut
506 3388 703 3451 matrimonia
727 3408 797 3450 cum
820 3389 997 3453 catholicis
1018 3393 1143 3472 ineant,
1173 3396 1235 3457 ho-

117 3515 189 3559 rum
209 3494 331 3557 animos
351 3491 532 3573 lucrentur,
565 3496 742 3574 sensimque
773 3493 814 3554 ad
836 3503 963 3581 ‚sectam
989 3517 1078 3560 suam
1099 3499 1234 3565 eosdem

116 3599 298 3681 perducant.
331 3600 375 3661 lli
396 3599 503 3678 itaque
524 3600 724 3662 matrimonia
748 3598 951 3688 mixtavelut
972 3602 1086 3665 efficax
1107 3603 1234 3668 Lnthe·

116 3705 247 3767 ranirnai
274 3703 475 3785 propagandi
502 3703 639 3765 medium
664 3703 923 3789 considerarunt,
953 3706 1232 3773 commendarunt·

115 3829 187 3889 que.
210 3808 316 3876 Unum
333 3828 392 3890 pro
410 3810 552 3871 omnibus
568 3806 752 3871 adducimus
770 3808 1006 3893 Philippum
1024 3811 1230 3876 Melanch·

114 3922 263 3976 torrem:
287 3915 393 3994 quiin
414 3910 526 3975 libello
548 3935 577 3975 a.
601 3919 693 3976 1551.
725 3913 789 3993 „de
811 3916 980 4001 coniugio''
1010 3920 1152 3998 scripto,
1182 3916 1228 3981 li-

53 4031 55 4038 ·
114 4027 165 4080 cet
200 4021 336 4098 primum
366 4019 520 4098 approbet
549 4036 686 4081 canones
721 4017 870 4081 adversus
901 4023 1048 4103 coniugia
1078 4021 1227 4088 fidelium

38 4195 39 4198 ¹
148 4209 221 4262 disse
239 4208 369 4262 illustrem
387 4211 523 4270 quandam
541 4213 650 4259 uxoren
675 4210 834 4264 haereticam
860 4215 1000 4278 repudiare
1018 4221 1046 4268 et
1067 4179 1135 4267 aliar
1152 4215 1226 4271 inira

148 4303 267 4367 raudo,
285 4304 406 4357 sednon
424 4300 509 4354 fuisse
530 4297 673 4353 audiun?
