2798 4838
603 237 834 313 *27²-

146 385 252 467 lgitur
272 383 409 466 Regium
440 383 655 446 Ministerium
689 382 786 447 editis
818 380 922 446 literis
950 381 1156 464 patentibus,
1183 377 1267 463 vulgo

121 495 362 576 mamona,
406 490 693 572 Archiepiscopum
737 486 962 551 Coloniensem
1010 485 1267 551 Clementem

120 599 386 679 ⁴Augustum
417 614 434 658 e
465 595 554 658 Lib.
585 597 672 658 Bar.
703 593 1188 676 Droste-Virchering,
1220 614 1267 657 ceo

147 700 264 782 talem,
296 702 352 782 qui
381 698 640 764 iurisdictionem
670 720 760 764 suam
789 697 997 764 Praesuleam
1026 697 1125 763 modo
1152 697 1266 780 legibus

56 852 61 866 .
146 808 252 889 Regni
275 808 440 888 incognito
472 812 504 870 et
533 805 738 887 adversante,
768 815 864 888 atque
887 826 905 870 a
927 808 1052 870 nemine
1082 825 1123 870 ex
1143 803 1264 885 reliquis

145 914 323 996 Episcopis
346 933 405 992 pro
429 912 646 976 revindicato
671 914 867 993 exercuerit,
899 911 1086 975 amandato
1110 912 1214 992 Regio
1233 913 1261 974 at

145 1125 249 1188 ravit:
272 1125 432 1202 huiusque
455 1122 595 1186 mandati
618 1126 838 1197 executionem
870 1145 940 1187 cum
969 1121 1044 1187 aliis
1065 1126 1199 1205 iusuper
1225 1125 1259 1185 ir·

72 1252 76 1259 ·
146 1230 378 1292 structioribus
408 1230 563 1312 Supremo
595 1231 782 1293 Provinciae
810 1228 958 1292 Praesidi
989 1250 1011 1292 a
1039 1233 1257 1305 Bodelocluor‘op

147 1337 321 1398 commisit.
343 1335 442 1399 Dedit
464 1343 496 1398 et
517 1333 598 1398 alias
621 1332 773 1399 Minister
795 1334 910 1400 Cultus
942 1335 984 1400 ad
1006 1334 1192 1417 Capitulum
1212 1336 1257 1398 Co«

13 1486 19 1497 ‚
146 1439 295 1504 loniense
317 1438 448 1504 literasa
479 1441 511 1503 in
535 1444 670 1522 quihus,
691 1448 864 1524 postquam
887 1442 1016 1505 uberius
1039 1461 1094 1521 ea,
1117 1459 1197 1522 quae
1215 1443 1256 1515 lir-

146 1547 372 1629 chiepiscopus
401 1546 476 1609 inde
506 1568 526 1610 a
557 1553 707 1627 suscepto
737 1547 1026 1612 Archidioeceseor
1056 1547 1256 1628 gubernioio

145 1653 270 1732 patrias
292 1650 380 1734 leges
403 1651 587 1732 publicasse
609 1654 829 1716 institutiones
858 1654 1055 1735 praetenrive
1086 1653 1257 1734 peccaverit,

146 1759 369 1840 exposuisset:
392 1762 520 1822 nominc
542 1761 647 1840 Regio
670 1757 854 1839 Capitulum
878 1766 1051 1840 provocat,
1080 1763 1118 1820 ut
1138 1778 1196 1840 pro
1217 1777 1256 1822 ιιι
1287 1769 1290 1819 ἱ

144 1869 255 1927 rerum
276 1866 482 1946 cognitione,
514 1884 638 1946 proque
658 1865 747 1927 iusto
777 1871 816 1926 ct
830 1863 922 1935 fideli
953 1883 1050 1928 sensu
1078 1864 1150 1939 sinc
1177 1883 1256 1944 mora,
1285 1866 1290 1899 ¹

108 2041 109 2044 Ἴ
146 1989 197 2049 ea,
219 1988 300 2049 quae
323 1971 405 2034 Sede
427 1970 602 2034 Praesulea
622 1969 779 2051 impedita
801 1966 865 2032 tatn
888 1968 929 2032 ad
951 1968 1075 2050 agenda
1097 1967 1256 2053 praeseutia

145 2073 314 2138 Ecclesiae
331 2079 482 2160 negotia,
499 2097 592 2159 quam
608 2076 650 2140 ad
664 2075 894 2141 restituendam
912 2073 1201 2140 Archidioeceseos
1217 2073 1256 2138 ad·

145 2181 415 2265 ministrationem
455 2182 630 2246 secundum
661 2183 808 2244 Canones
845 2183 908 2244 rite
947 2180 1154 2264 suscipienda
1191 2185 1256 2258 suut,
1288 2186 1290 2192 '

145 2285 297 2364 decernat
320 2294 351 2351 et
371 2290 539 2371 perficiat,
566 2287 728 2368 simulque
752 2285 791 2348 de
815 2288 961 2351 universa
989 2291 1140 2369 regesta
1162 2286 1254 2352 Sedeu

144 2393 321 2456 Romanam
342 2394 516 2476 informet,
544 2395 707 2474 abeoquo
731 2392 899 2456 ulteriores
923 2392 1052 2456 ordines
1075 2399 1176 2477 petat.
1288 2408 1290 2480 j

248 2501 384 2564 Praeses
410 2501 598 2564 Prouincias
621 2501 828 2563 commissum
849 2498 913 2562 sibi
944 2519 1058 2562 munus
1083 2484 1254 2585 expleturos,
1287 2508 1290 2519 “

144 2601 199 2668 die
221 2611 273 2668 20.
292 2607 482 2670 Novembris
507 2613 599 2670 1837.
631 2607 663 2667 in
696 2607 846 2669 comitiva
875 2602 1104 2667 nonnullorum
1133 2602 1253 2688 Regini·

141 2712 194 2774 nis
218 2711 414 2775 officialium
436 2713 727 2794 Archiepiscopum
748 2712 908 2790 accessit,
937 2717 970 2774 et
991 2697 1162 2795 postquam
1182 2713 1254 2786 hut,

142 2818 178 2879 ln
200 2837 296 2880 sensu
317 2820 542 2881 instructionis
573 2839 592 2881 a
623 2818 808 2882 Ministerio
840 2819 944 2898 Regio
976 2825 1150 2899 acceptae,
1179 2810 1290 2899 sepul,¹

141 2921 248 2985 adhuc
270 2924 312 2987 ad
334 2923 554 3005 amplectenda
577 2923 642 2987 alia
663 2923 799 2987 consilia
821 2930 997 3003 tentatum,
1029 2924 1063 2985 iu
1087 2925 1254 3004 priorissa
1284 2910 1290 2935 ⁵

142 3028 304 3093 catholica
327 3015 491 3093 ‘sententia
520 3020 668 3111 firmum,
698 3051 736 3093 ac
757 3029 954 3092 immobilem
997 3028 1256 3111 deprehendisset,

142 3133 275 3197 ordines
297 3134 532 3198 Ministerialer
556 3135 662 3217 quoad
683 3136 973 3216 Archiepiscopum
995 3154 1055 3197 usu
1076 3135 1257 3199 iurisdictio

142 3239 195 3301 nis
217 3240 466 3323 prohibendum,
491 3248 523 3305 et
545 3249 632 3304 extra
654 3243 734 3304 fines
757 3243 924 3305 Dioecesis
957 3240 1182 3304 abducendum
1202 3257 1256 3304 exe·

141 3350 237 3408 cutus
261 3353 311 3408 cst
330 3344 403 3421 522).
433 3350 536 3429 Atque
565 3350 614 3411 sic
643 3347 791 3411 Clemens
814 3350 978 3429 Augustus
1000 3346 1256 3430 archiepiscopo

142 3449 373 3533 Coloniensis,
403 3455 476 3532 quia
499 3459 680 3516 constanter
707 3460 836 3535 paratur
866 3453 995 3532 quidem
1018 3453 1173 3532 Caesari,
1194 3464 1256 3532 quat

140 3559 212 3621 eius
236 3565 330 3638 sunt,
353 3557 508 3638 reddere,
533 3566 565 3621 at
594 3581 655 3622 una
677 3579 800 3622 memor
831 3559 934 3620 officii
963 3559 1015 3620 sui
1044 3556 1086 3621 de
1108 3557 1257 3622 Ecclesiae

141 3660 287 3726 doctrina
311 3673 344 3727 et
366 3663 540 3747 disciplina
561 3664 714 3746 religiose
737 3662 912 3744 servanda,
941 3684 1005 3726 nou
1028 3661 1127 3727 aliam
1159 3661 1255 3729 sibilo

140 3771 311 3831 mixtarum
340 3772 523 3851 nuptiarum
552 3774 681 3851 negotio
713 3769 856 3852 regulam
895 3778 1111 3868 proposuerat
1147 3776 1255 3856 praeter

142 3893 232 3952 eam,
262 3892 342 3953 quac
364 3874 563 3958 Apostolicis
595 3877 646 3939 Pii
669 3876 753 3941 Vlll.
776 3875 882 3940 literis
910 3876 973 3940 fuit
995 3875 1180 3940 declaratas
1207 3876 1253 3939 lie
1287 3918 1290 3923 -

141 3980 196 4060 gio
216 3980 309 4043 iussu
330 3984 416 4044 omni
439 3981 615 4047 Pastoralir
644 3982 880 4046 iurisdictionis
906 3984 1060 4046 exercitio
1090 3981 1250 4066 prohibitur
1283 4056 1290 4093 ³

148 4146 397 4164 *—

213 4232 280 4298 522)
309 4239 378 4288 Acta
397 4241 448 4289 hue
463 4241 625 4305 spectantis
651 4239 824 4292 continentur
852 4240 880 4291 iu
905 4253 1002 4303 opere:
1029 4241 1177 4303 ”oriem
1210 4231 1239 4281 Μ
1285 4204 1290 4213 ¹

188 4330 347 4388 Verfoirreru
366 4337 413 4382 etc.
432 4333 502 4383 neit.
521 4346 546 4392 ιι.
565 4328 613 4383 ³2.
630 4332 659 4394 ff.
