2798 4838
572 244 774 315 ..99-

142 393 187 447 ten
206 385 350 448 servandi
372 382 475 467 legem
498 386 737 465 Tridentium,
768 396 836 449 tum
859 387 1073 469 incommoda,
1098 404 1178 472 quse
1201 409 1238 452 ex

134 489 277 555 decisione
307 493 465 554 contraria
495 501 643 555 secuturo
675 505 782 572 erant,
815 495 1075 577 existimasseqne
1106 496 1238 576 Papam,

128 596 199 678 qood
221 595 264 658 de
286 603 392 660 mente
414 595 580 662 Ecclesiae
602 617 674 661 esse
694 617 754 660 non
772 600 936 679 potuerit,
958 607 994 663 nt
1017 599 1145 663 decreto
1161 600 1237 664 Tri·

122 703 243 765 destino
266 703 424 764 haeretici
451 723 578 784 quoqne
607 703 925 785 comprehendantur.
968 705 1032 767 Sed
1059 706 1136 769 huic
1167 708 1237 788 opi·

119 809 198 872 dont
219 809 322 870 tertia
351 827 427 890 pars
448 808 684 871 Declarationis
705 808 931 873 Benedictinae
958 811 1135 893 repugnata
1165 814 1237 875 naris

117 915 224 976 ishae
247 914 431 976 haereticos
454 915 656 995 Principibus
678 912 855 978 Catholicis
885 917 1048 998 subjectos
1079 914 1120 979 ad
1151 936 1238 979 oom-

115 1021 210 1082 nsnis
234 1019 321 1080 iuris
345 1018 474 1100 regulas
497 1021 652 1098 remittit,
681 1039 782 1101 eoque
803 1022 875 1101 ipso
898 1020 1028 1084 eosdem
1050 1020 1177 1104 iegibus
1200 1022 1237 1085 G.

114 1125 301 1188 'tridentini
324 1125 480 1206 obstringi
502 1125 632 1188 indicat
677 1125 743 1187 Nos
765 1126 907 1207 proxime
930 1129 1057 1190 veritati
1084 1127 1237 1191 accedere

113 1250 279 1294 mosomus
305 1228 405 1308 ilios,
429 1232 483 1312 qui
505 1233 612 1309 aiunt,
643 1231 830 1293 Pontificem
852 1235 1037 1295 roratione
1061 1241 1238 1315 permotam

113 1337 206 1401 inisse
238 1334 286 1398 ad
309 1334 392 1397 hano
413 1335 567 1398 edendam
590 1336 863 1416 Declarationcm,
894 1337 981 1417 qnod
1011 1337 1089 1401 duas
1118 1320 1237 1401 ahin-

113 1445 203 1506 tiosrn
224 1440 404 1503 distinotas
426 1444 619 1523 reputaverit
639 1444 672 1505 in
688 1441 861 1505 Holiandia
879 1445 1049 1506 societater
1069 1440 1239 1507 occasione

113 1547 306 1611 defectionis
329 1544 534 1609 efformatae:
557 1547 689 1610 alteram
712 1549 920 1628 catholicam,
944 1548 1135 1610 haereticam
1158 1548 1238 1611 aite-

114 1673 198 1731 ram,
215 1652 365 1733 hincque
387 1654 607 1733 existimasse,
639 1654 764 1716 etiamsi
794 1659 867 1717 ante
889 1654 1159 1735 perturbationem
1187 1656 1238 1717 'ciss

119 1756 211 1821 dien
235 1758 269 1820 hs
288 1756 407 1838 Belgio
436 1756 597 1820 decretum
621 1757 845 1822 Tridentinum
874 1744 1115 1840 promulgatum¹
1143 1763 1241 1840 esset,

122 1863 188 1926 dn
204 1863 348 1926 nondum
368 1866 541 1926 constituta
561 1865 625 1926 fnit
640 1852 875 1927 haereticoram
895 1865 1051 1943 societas,
1075 1864 1241 1946 post'per-

118 1970 327 2033 meatem
349 1975 453 2031 tannen
476 1969 641 2032 efformata
670 1971 734 2032 iam
756 1990 815 2050 per
843 1971 903 2031 hos
935 1990 1006 2031 cnm
1030 1972 1099 2034 sois
1127 1990 1240 2052 paroe-

117 2074 166 2140 ciis
187 2073 352 2160 peculiari
374 2077 550 2153 societate,
573 2077 655 2137 hanc
673 2075 811 2158 amplios
832 2074 954 2138 decreti
969 2075 1162 2139 concilieris
1182 2074 1241 2160 puss

117 2178 288 2247 wadone
311 2182 473 2262 obstringi
495 2200 691 2261 nequaquam
714 2184 869 2264 potuisse.
885 2177 946 2253 ¹⁴⁸)
1030 2202 1049 2221 ¹*

618 2349 655 2444 ς.
681 2349 742 2422 aa.

120 2491 195 2549 Por
208 2489 554 2548 Marottorsem
576 2490 897 2550 Benedictio-sn
919 2490 1243 2561 quaestionibus

123 2580 213 2641 ht·
230 2581 463 2652 impositus
480 2597 567 2641 rrors
585 2581 686 2640 fuito
705 2598 805 2640 ιιιιι
813 2582 1133 2641 morionum·
1150 2585 1244 2642 Bel·

122 2672 181 2742 sie
198 2689 333 2748 porro
350 2689 520 2745 quoque
540 2679 680 2745 quood
696 2674 966 2741 matrimonia
988 2680 1077 2732 torn
1094 2675 1244 2732 cathe-

122 2765 298 2823 tiron-rm
332 2766 447 2823 inter·
467 2781 534 2836 se,
557 2780 687 2835 quam
722 2766 870 2835 mixto,
908 2765 1075 2823 diversa
1114 2765 1244 2824 dubia

142 2854 337 2917 Pontifici
353 2871 634 2929 proposuere,
652 2872 764 2926 quae
781 2856 820 2913 is
845 2855 1000 2914 decidit
1017 2871 1057 2913 ι.
1080 2859 1203 2915 mo.

215 2977 393 3056 Postquam
415 2975 596 3038 Declaratio
618 2975 784 3037 Benedicti
805 2974 890 3039 XIV.
911 2974 945 3035 in
960 2974 1149 3038 Foederatis
1168 2975 1242 3057 Bei-

126 3083 165 3162 gii
194 3068 374 3144 Provinciis
404 3080 603 3161 promulgata
625 3082 762 3160 fuisset,
786 3087 971 3162 exspectare
990 3079 1101 3160 licuit,
1119 3100 1241 3143 omnem

129 3184 163 3248 de
188 3188 406 3261 matrimoniis
437 3186 505 3249 illic
536 3186 705 3249 celebratis
721 3189 939 3267 qrraestionem
979 3185 1073 3267 plene
1102 3185 1244 3250 decisam

127 3290 287 3381 nullasque
310 3291 448 3372 amplius
476 3291 656 3355 dubietates
679 3299 711 3354 et
726 3294 900 3354 anxietates
924 3295 954 3354 in
982 3293 1072 3370 praxi
1101 3292 1243 3357 forman·

130 3395 280 3461 desiere.
304 3397 620 3480 Atvixperlataad
654 3418 726 3461 oras
748 3395 897 3479 Belgicae
929 3397 1097 3460 Pontifiola
1128 3396 1242 3462 Decla-

130 3488 270 3584 ratione,
285 3523 368 3565 nova
385 3523 457 3565 mox
475 3505 620 3585 quaestio
642 3503 681 3565 de
698 3488 928 3582 matrimoniis,
952 3522 1032 3584 quae
1050 3501 1119 3564 illic
1130 3507 1244 3565 Cotho-

133 3611 176 3670 tio'
192 3616 280 3674 irater
300 3628 335 3671 oe
355 3613 424 3671 sine
443 3614 625 3688 praesentio
645 3613 778 3687 parochi
797 3611 943 3669 catholice·
970 3609 1127 3686 inirent,¹
1141 3606 1243 3671 eidem

136 3709 249 3778 Summo
270 3715 422 3778 Pontifici
442 3714 617 3777 Benedicto
638 3714 722 3778 XIV.
746 3713 933 3795 proposita,
952 3712 1136 3794 decisioque
1159 3715 1245 3791 eius.

141 3801 195 3881 den
215 3840 312 3902 super
333 3839 371 3882 eo
396 3821 534 3902 expetita
556 3821 634 3882 tuit:
657 3840 696 3882 an
717 3817 878 3882 Catholici
901 3819 967 3897 ita,
985 3822 1020 3879 ut
1042 3817 1243 3901 dictumest,

145 3926 344 3993 contrahentes
378 3928 545 4006 coniugia,
573 3925 701 3988 decreto
740 3924 908 3988 Pontifieis
947 3920 1171 3988 declaratorio·
1189 3947 1243 3990 ae-

152 4042 194 4102 que
212 4031 539 4112 comprehendantur?
563 4037 596 4094 et
618 4033 731 4094 sinon
753 4029 1118 4112 comprehenderentur,
1139 4031 1185 4095 ad·
1201 4030 1243 4094 ss-

152 4144 367 4174 Ἢ

207 4217 261 4284 iss)
284 4227 316 4275 cf.
343 4225 362 4274 J
372 4237 419 4274 or.
448 4209 645 4284 Garriere,
671 4222 859 4280 oroeterttooeo
881 4224 959 4273 theol.
977 4223 1093 4272 oratores
1119 4223 1149 4272 io
1167 4222 1239 4273 scm.

186 4302 207 4354 θ·
222 4308 323 4368 Sulcius,
341 4297 386 4368 De
403 4315 573 4368 Matrimonia
590 4341 627 4355 -·
646 4317 717 4368 rom.
735 4311 763 4367 2.
782 4314 869 4366 Paris.
887 4309 1020 4385 mim.
1037 4311 1207 4366 oss-em
