2798 4838
579 266 807 341 ..107-

113 404 296 472 rissoriaics
329 408 553 490 parochianis
575 412 660 497 suis,
683 412 736 493 qul
750 413 849 476 mixta
872 415 1027 478 connubia
1048 414 1250 496 contrahunt,

113 512 316 579 mutanda·
348 514 553 598 obligantis,
574 505 637 579 non
658 515 781 580 levibus
801 518 835 580 ln
855 520 1048 583 conscientia
1070 541 1127 583 sna
1144 522 1250 604 pressi

113 620 232 700 ugustiis
245 649 265 700 ,·
308 621 531 703 Regiumque
560 621 802 687 Resolutionem
841 643 912 687 cum
943 626 1115 689 canonibus
1147 629 1248 692 sacris

113 744 290 807 imponere
324 746 406 789 non
429 725 590 809 valentes,
614 727 655 792 ad
672 727 866 791 Vicarlatum
885 729 1111 813 Episcopalcm
1129 731 1249 795 dedere

113 837 203 913 icas,
228 831 442 913 petendo,
472 840 509 895 nt
530 836 598 897 ruia
622 833 708 916 apud
731 835 926 896 (iubcruium
947 835 1150 919 interpositis
1174 837 1248 900 oili·

113 939 133 1000 lr
149 944 319 1020 ageret,
361 958 432 1019 quo
455 937 625 1002 Resolutio
655 946 830 1004 memorata
859 942 1086 1023 abrogaretur,
1117 941 1250 1023 etquid

113 1049 188 1106 tesca
213 1042 427 1125 agendum
443 1044 505 1123 sit,
527 1045 671 1108 inviarct.
702 1044 882 1107 vicariatus
904 1044 1048 1109 libellum
1067 1045 1247 1131 supplicem

113 1150 326 1212 {molucrum
342 1149 390 1210 ad
408 1150 712 1214 Nuntiaturam
733 1149 1108 1232 Apostolicam'dd.
1124 1158 1154 1217 9.
1170 1155 1248 1216 licc.

113 1260 160 1320 us.
183 1253 423 1336 promovit,
446 1273 504 1316 sua
525 1274 652 1336 quoque
675 1264 824 1338 exparte
846 1255 1077 1339 supplicando,
1100 1266 1138 1322 nt
1160 1258 1249 1322 diiii·

113 1359 205 1424 llutes
240 1357 335 1422 has
370 1356 424 1421 vcl
446 1362 635 1422 auctoritate
658 1359 751 1423 Sedis
773 1361 997 1443 Apostolicae,
1035 1362 1086 1425 vel
1118 1363 1248 1428 collatis

113 1487 139 1531 ur
156 1466 260 1531 Aula
293 1464 423 1545 Regia
454 1465 599 1527 consiliis
632 1466 758 1529 sufferri
789 1476 986 1548 procuraret.
1022 1470 1109 1555 lisga
1140 1472 1247 1533 cuius-

113 1572 154 1636 cdi
179 1592 345 1656 preces
370 1572 583 1650 Nuntiatum,
613 1591 648 1633 re
675 1572 763 1652 prius
793 1571 835 1634 ad
863 1592 1018 1636 summum
1043 1573 1137 1636 Sedis
1161 1577 1247 1658 ripn·

113 1676 206 1742 uiae
229 1677 443 1742 arbitrium
458 1675 579 1756 relata,
602 1683 795 1759 acceptaque
817 1680 857 1740 ab
875 1677 950 1740 inde
969 1679 1132 1742 decisione
1150 1684 1247 1760 quac·
1313 1682 1314 1686 ’

113 1758 214 1865 tionis,
246 1783 330 1846 dd.
361 1782 639 1843 28.Mart.1819.
669 1783 844 1846 Vicariatui
872 1784 1101 1847 Ratlsbonensi
1128 1786 1246 1846 rescri-
1372 1860 1376 1867 .

113 1889 163 1969 usito
184 1888 383 1952 illicitum
408 1907 478 1949 esse
500 1888 656 1949 Parochir
684 1886 794 1950 literas
823 1887 1056 1951 dimissoriales
1077 1890 1246 1970 parochia-

113 1995 225 2059 uissuis
254 1993 314 2058 ad
346 1992 595 2054 contrahendum
617 2012 688 2055 cum
711 1992 896 2056 acatholicis
924 1995 1158 2058 matrimonium
1180 2001 1247 2058 tra·

114 2100 180 2164 luc:
201 2121 293 2163 cnm
323 2097 445 2179 perid
467 2099 606 2161 Parochi
629 2097 750 2161 directe
776 2106 1025 2181 cooperarentur
1045 2101 1247 2179 peccamino-

118 2204 414 2286 sue-copulationi,
440 2205 551 2283 sicque
573 2224 667 2283 grave
690 2206 809 2266 crimen
830 2206 1046 2281 incurrerent3
1069 2208 1102 2267 in
1120 2204 1246 2288 reliquo

122 2317 174 2392 pc
192 2310 332 2373 collata
358 2328 429 2369 cum
451 2307 532 2370 Aula
555 2310 656 2387 Regia
688 2309 822 2371 consilia
853 2330 941 2390 spem
964 2308 1154 2392 adiulgere,
1183 2311 1245 2373 l’a·

125 2417 286 2478 molucrum
312 2415 528 2475 conscientias
558 2414 592 2474 in
614 2413 676 2475 hoc
697 2422 815 2493 puncto
839 2413 975 2494 amplius
1006 2415 1093 2477 haud
1119 2416 1246 2480 divexa·
1282 2465 1283 2468 ι

127 2526 176 2583 tum
194 2523 239 2583 iri
257 2517 343 2592 ⁸¹⁶).
380 2519 475 2600 Spem
497 2520 529 2579 in
552 2538 662 2580 vanum
685 2538 749 2581 non
772 2521 911 2599 abiisse,
933 2521 1009 2584 inde
1031 2527 1135 2606 patet,
1158 2523 1245 2603 quod

128 2619 334 2688 llinisterium
351 2624 487 2703 Regium
504 2624 669 2686 Parochoa
688 2623 871 2686 Catluolicos
895 2626 934 2688 ad
956 2626 1170 2709 peragendam
1189 2648 1244 2691 co·

128 2729 316 2810 prolationem
338 2748 403 2790 non
425 2727 558 2809 amplius
581 2730 738 2809 coegerit,
761 2708 820 2791 scd
841 2729 972 2792 candem
989 2732 1148 2794 Ministris
1171 2753 1244 2795 aca-
1279 2718 1283 2732 ’
1306 2749 1310 2759 ·

127 2833 250 2898 tlsllcis
275 2832 449 2912 detulerit,
481 2839 513 2895 et
545 2834 740 2895 aParochis
764 2831 942 2897 Catholicis
972 2835 1084 2897 literar
1116 2835 1244 2917 quidem

128 2936 354 3003 dimissoriales
378 2936 521 3019 expediri
544 2939 718 3022 cupiverit,
749 2946 940 3001 nontamen
963 2942 1095 3003 iusserit
1116 2949 1170 3004 aut
1190 2963 1244 3005 ur-

127 3048 219 3126 serit,
254 3046 331 3126 quin
356 3046 481 3124 potius,
512 3045 735 3126 utsupcriore
758 3049 970 3118 §.narratum
1000 3053 1068 3125 est,
1097 3048 1129 3108 in
1152 3046 1242 3111 deie-

125 3155 170 3213 ctu
201 3169 329 3232 quoque
359 3147 623 3211 dimissorialium
654 3148 820 3213 literarum
842 3151 1008 3214 Ministros
1031 3152 1244 3217 Protcstanti·

126 3275 174 3318 cos
196 3256 240 3318 ad
262 3252 476 3336 copulandum
496 3257 747 3330 auctorisaverit.

617 3404 657 3498 s.
682 3404 744 3475 uo.

126 3541 176 3600 Ex
192 3541 388 3602 moeccsl
401 3545 649 3612 Aucustsna
656 3541 879 3615 profer-cur
887 3546 1124 3616 exemplum
1134 3548 1243 3603 stre·
1361 3591 1365 3602 .

127 3648 202 3694 nnc
221 3633 389 3693 defensi
406 3633 606 3708 principii
622 3631 817 3691 catholici
829 3633 876 3690 irs
892 3634 1046 3692 merito
1069 3636 1260 3693 cathon.-

129 3737 190 3784 ccc
201 3728 392 3799 prolium
405 3725 689 3784 concanonico
703 3726 779 3783 uiri
793 3725 837 3782 ld
850 3725 1068 3794 singulare
1084 3727 1243 3797 evcnit,

134 3822 233 3887 cuod
249 3818 485 3892 Episcopus
512 3821 554 3874 ct
568 3817 686 3874 illius
703 3817 896 3875 vicarius
921 3820 1029 3876 siuas
1052 3817 1243 3878 dives-nau

439 3907 674 3968 sententias
691 3908 921 3968 tonuerint.

219 4027 256 4091 ln
278 4027 428 4090 llioecesi
449 4028 706 4111 Augustana
735 4028 820 4090 circa
840 4024 1079 4108 religionariam
1099 4025 1243 4108 prolium

136 4132 266 4196 enixus
289 4133 500 4196 matrimoniis
523 4131 762 4212 educationem,
784 4129 987 4216 disciplinam
1002 4129 1169 4199 Ecclesiae
1193 4133 1248 4216 ln,
1337 4125 1339 4128 ’

129 4243 367 4276 Μ,-
873 4249 875 4254 2

191 4324 251 4379 arc
270 4326 361 4378 mon.
380 4324 441 4380 cas.
462 4337 523 4391 m.
543 4321 595 4377 ιιι
