2798 4838
413 216 416 225 “
505 241 788 319 -sca-„

54 383 292 449 fundamental!
328 382 465 450 articulo
502 386 604 467 primo
645 384 883 447 Pacidcationis
913 382 1108 451 Viennensis
1140 384 1189 449 di-

56 500 145 555 serte
169 512 321 573 expressa
342 491 416 555 tots.
438 492 576 573 Dignum
598 510 674 554 sane
697 497 784 570 erat,
806 494 843 553 ut
863 510 901 553 ea
928 488 1078 573 Religio,
1109 511 1191 574 quae

57 599 97 660 ab
130 598 213 680 ipsis
243 598 349 679 Regni
379 594 582 660 incunabulis
614 594 695 659 uitra
728 603 864 678 quatuor
894 594 1024 660 saecula
1061 599 1190 680 integra

56 723 188 784 semper
210 710 394 767 conservato
416 702 498 783 tuit,
521 709 630 783 contro
652 722 750 765 novas
766 701 1015 782 Confessiones,
1036 721 1117 783 quae
1130 723 1192 785 per

55 808 215 871 factiosos
238 802 343 890 Regni
371 810 456 870 cives
489 808 657 870 occasione
688 807 855 872 scissionis
877 804 1123 889 Regnicolaris,
1142 822 1191 875 'ac

56 915 322 995 subsequentium
350 915 510 979 sariorum
531 912 709 992 bellorum,
737 914 1025 996 intestinorumque
1048 921 1192 981 motuum

56 1019 261 1085 introductae
281 1028 314 1083 et
329 1026 541 1103 propagatae,
565 1020 708 1099 potentia
728 1017 855 1082 demum
876 1018 1029 1100 iliorum,
1051 1020 1106 1102 qui
1122 1021 1192 1102 pri·

56 1131 166 1188 vatum
189 1129 299 1206 potius
322 1125 517 1188 dominatum
539 1126 598 1186 sub
620 1122 720 1205 pallio
742 1125 878 1189 tuendae
900 1123 1126 1206 religionariso
1147 1123 1190 1189 li-

59 1231 196 1292 bertatis
228 1231 399 1295 extendere
428 1231 617 1314 cupiebant,
648 1228 873 1322 constabilitae
894 1231 1007 1312 fuere,
1042 1238 1192 1314 protega-

56 1342 133 1416 tur,
156 1344 250 1418 atque
272 1336 313 1399 ad
335 1338 507 1417 pristinum
530 1337 642 1397 florem
664 1334 868 1415 perducatur.
892 1338 977 1399 Hinc
994 1337 1192 1420 factumest,

58 1449 96 1504 ut
118 1439 250 1505 vulnera
272 1463 399 1523 quoque
423 1439 631 1503 0rtbodoxae
663 1439 826 1523 Religioni
856 1461 916 1521 per
945 1440 1102 1507 violentas
1132 1445 1192 1508 bo·

57 1567 172 1609 norum
197 1546 511 1632 ceclesiasticorum,
543 1543 734 1628 templorum
755 1553 788 1607 et
807 1547 1033 1626 parochiarum
1056 1568 1193 1632 occupa-

58 1653 167 1716 tiones
198 1651 291 1716 illata
320 1660 564 1728 resonarentur,
603 1649 854 1732 tolerantiaeque
885 1652 1136 1719 Protestantium
1168 1655 1194 1719 ii

65 1764 265 1840 ponerentur
292 1757 431 1836 limites,
470 1758 525 1838 qui
551 1756 668 1820 iisdem
696 1754 817 1819 nullam
847 1756 977 1839 quidem
1007 1759 1195 1827 iustamds

61 1864 158 1926 illata
187 1866 394 1927 conscientiis
425 1865 568 1945 ipsorum
596 1862 628 1925 vi
650 1858 839 1942 quertdandi
867 1883 978 1927 ansam
1009 1866 1196 1948 praebeant,

26 1954 128 2033 'alia
158 1979 263 2032 tamen
296 1991 334 2033 ex
361 1975 454 2051 parte
484 1969 746 2050 propagationem
777 1967 984 2034 Orthodoxae
1014 1969 1196 2057 Religionis

64 2077 155 2137 omni
176 2077 301 2139 ratione
323 2074 481 2138 adiuvent.
509 2075 544 2150 β)
566 2073 614 2134 Ne
636 2081 762 2153 tamen,
785 2072 860 2135 dom
883 2076 916 2136 in
934 2079 1196 2159 propagationem

60 2181 274 2245 orthodoxae
297 2180 478 2264 Religionis
502 2180 608 2241 omnia
637 2167 877 2260 dirigebantur,
908 2190 1000 2264 parte
1028 2204 1066 2247 er
1082 2183 1195 2249 altera

60 2289 202 2369 receptis
230 2288 295 2349 iam
327 2295 359 2349 et
390 2285 535 2349 toleratis
566 2284 832 2349 Confessionibus
871 2289 999 2368 gravim
1029 2292 1197 2372 quaepiam

61 2395 183 2457 iniuria
202 2392 380 2470 inferatur,
402 2400 497 2473 atque
519 2392 595 2455 inde
616 2411 686 2471 pce
702 2401 735 2454 et
750 2397 970 2472 tranquillitos
982 2400 1109 2474 publiea
1129 2405 1197 2462 tur·

53 2501 179 2563 beturr
201 2518 260 2578 pro
281 2496 383 2559 altero
406 2499 566 2579 principio
591 2496 756 2561 constituti
785 2501 968 2579 systematis
997 2490 1197 2583 reiigionarii

60 2605 101 2667 id
130 2612 305 2667 assumtum
334 2603 417 2665 inite
448 2613 487 2666 ot
514 2623 582 2664 ooo
610 2609 722 2665 Status
754 2607 876 2665 Publici
905 2624 1048 2683 congruo
1075 2627 1198 2688 semper

18 2770 28 2783 ,
65 2715 226 2774 amentor
246 2715 348 2788 ratio,
364 2719 403 2779 ‚et
420 2715 465 2771 od
483 2713 638 2770 musceta
659 2717 836 2784 temporum
855 2717 1032 2786 prodentes·
1052 2716 1199 2792 reflecto·

67 2826 136 2880 tor.
159 2817 268 2897 Eque
290 2814 450 2895 principio
473 2814 583 2890 fluxit,
606 2811 693 2892 quod
715 2833 777 2873 non
801 2815 949 2879 obstante
969 2818 1199 2883 contradictio·

67 2941 110 2991 ns
133 2920 223 2985 cleri
244 2927 277 2984 et
297 2919 434 2982 aliorum
458 2917 698 2980 catholicorum
729 2917 859 2999 publica
889 2918 1056 3003 religionis
1079 2928 1199 2988 crescis

22 3088 29 3096 ,
65 3030 112 3091 tia
136 3028 391 3089 Protestantibus
424 3027 520 3087 etiam
550 3025 584 3084 in
614 3025 707 3088 bonis
734 3023 777 3089 ad
799 3023 927 3087 clerum
957 3036 989 3090 et
1011 3029 1199 3096 Catholicos

35 3210 40 3219 Ι
65 3135 304 3216 pertinentibus
328 3152 478 3193 concessa
501 3131 639 3206 inerint;
662 3116 812 3211 qdodqne
833 3151 893 3210 pro
919 3135 1044 3199 ratione
1063 3116 1200 3202 circum

65 3240 257 3304 stantiarum
279 3236 400 3300 limites
423 3234 615 3299 tolerantiae
647 3237 744 3298 etiam
774 3236 921 3300 nonnihil
949 3244 1072 3305 extensi
1103 3248 1200 3308 crsti-

64 3347 185 3424 terint,
216 3346 387 3406 universim
417 3349 522 3407 autem
549 3341 586 3402 id
614 3349 760 3422 cautum,
792 3362 831 3405 ne
861 3343 939 3425 quid
972 3351 1200 3428 constituatur,

23 3504 26 3509 .
66 3450 389 3531 quodconscientiar
413 3446 671 3512 Aeathoiicorum
693 3449 918 3529 quoquomodo
948 3452 1096 3532 aiiiigora
1127 3474 1201 3517 eos·

67 3577 132 3639 que
163 3556 204 3619 ad
233 3553 456 3635 ampiectenda
485 3554 582 3617 Sacra
612 3551 782 3617 Catholica
812 3551 908 3634 plane
939 3576 1056 3638 cogere
1085 3560 1201 3640 possiti

64 3661 160 3727 inid
182 3663 272 3725 unice
295 3663 547 3741 omnitempore
570 3656 767 3721 collimatuns
788 3659 873 3739 init,
901 3680 942 3722 ne
964 3661 1091 3726 favores
1113 3667 1201 3728 Gon-

66 3770 266 3833 sessionibus
289 3767 533 3833 Brotestanticis
556 3765 705 3827 attributi
728 3762 813 3827 ultro
845 3785 940 3846 qnam
960 3776 1121 3850 oportet,
1148 3792 1202 3836 cr²

72 3873 263 3954 tendantur,
293 3855 402 3953 siche
432 3873 523 3952 quasi
552 3872 784 3933 intercessione
819 3872 1022 3937 auctoritatis
1052 3875 1203 3955 publicae

65 3979 199 4051 eaedem
228 3981 263 4041 in
295 3980 457 4041 erroribus
496 3979 564 4039 suis
597 3978 844 4054 confirmentur3
873 3985 1056 4057 praeterea.
1073 3987 1202 4064 qnaeris

67 4083 239 4151 obstacula
260 4084 509 4166 propagandae,
531 4064 625 4164 idque
648 4084 765 4145 avitum
787 4083 898 4147 florem
920 4083 1120 4153 reducendae
1138 4093 1201 4155 Re,

62 4191 201 4274 ligionis
225 4189 412 4255 Catholicae
442 4194 683 4262 removeantur3
706 4186 791 4285 unde
811 4208 939 4270 quoque
962 4195 1202 4278 evcnit,-quod

63 4304 178 4365 eontra
200 4299 375 4378 Apostatas
389 4315 561 4378 processus
584 4293 743 4372 ordinati,
762 4297 968 4365 excursiones
984 4299 1201 4367 mmistro'rom
1227 4377 1229 4382 ,
