2798 4838
585 277 814 357 ...307-

130 427 292 487 Vr‘ccrr‘ua.
306 424 500 484 Cotoutcnu‘s
519 420 709 483 loannes
732 421 900 502 lliirgen
924 439 984 502 ope
1008 419 1184 488 Circularis
1207 423 1262 492 dd.
1284 427 1290 441 '

131 537 162 591 9.
187 531 286 592 Mart.
314 532 405 599 1838.
433 527 475 588 ad
505 528 638 589 notiiam
663 525 750 590 Cleri
780 528 888 607 cirrati
921 525 1085 609 perierre,
1115 531 1266 614 huncque

133 657 171 696 eo
193 639 316 697 inviare
338 654 399 695 nou
422 632 597 694 dubitavit:
621 639 656 694 ut
677 634 709 693 in
733 652 827 694 sensu
849 632 1002 695 duntaxat
1020 635 1184 717 Rescriptl
1201 641 1266 705 Mi-

135 739 313 804 uistcrialis
346 741 395 801 via
424 737 515 801 licita
538 739 739 814 sciscitetur,
772 759 810 799 an
843 739 1034 800 matrimonii
1057 744 1146 804 rnixtl
1168 746 1266 809 bene-

139 847 271 910 dictioni
299 844 422 906 nullum
453 866 491 907 ex
518 850 607 925 parte
635 845 866 929 principiorum
899 845 1129 910 catholicorum
1161 853 1268 915 obstet

142 953 416 1035 impedimentumz
446 952 476 1014 si
497 957 603 1013 autem
625 950 707 1012 hanc
729 952 852 1033 suscipi
881 972 944 1011 non
973 973 1070 1033 posse
1101 954 1267 1039 crederet,

147 1067 259 1140 partem
283 1055 474 1120 catholicam
496 1055 538 1118 ad
560 1054 800 1131 Ordiuariatum
825 1077 884 1136 pro
908 1057 1079 1123 obtinenda
1103 1038 1267 1143 decisione

136 1162 268 1245 releget.
292 1158 354 1234 seu)
387 1161 553 1226 circulare
574 1161 695 1226 Vicarii
726 1183 790 1224 non
820 1160 893 1240 tulit
923 1165 1023 1224 totius
1048 1164 1135 1228 Cleri
1158 1170 1270 1232 curati

156 1272 419 1352 adprobationem
451 1290 523 1330 nam
555 1270 665 1330 Curati
696 1271 875 1331 Decanatur
909 1269 1120 1344 Grcfcldensta
1148 1275 1180 1334 iu
1211 1296 1269 1338 suia

158 1377 398 1458 congregatione
428 1394 537 1436 meuse
560 1375 648 1435 Maio
671 1395 699 1437 a.
726 1379 818 1437 1838.
850 1381 1011 1436 asservata
1041 1375 1127 1438 idem
1157 1381 1190 1441 ln
1222 1381 1272 1443 dl-

159 1486 336 1545 corrosionem
357 1487 536 1559 sumentes,
559 1488 591 1542 et
604 1479 696 1542 valde
719 1478 923 1559 generalibus
945 1477 1034 1542 illius
1052 1484 1198 1548 terminia
1221 1486 1272 1548 oi-

89 1574 96 1647 Ε
160 1587 243 1666 icosi,
267 1607 357 1650 suam
380 1606 455 1668 erga
478 1585 605 1666 regulas
627 1605 685 1668 per
705 1583 873 1648 Ecclesiae
895 1585 1187 1670 Universaetiaput
1209 1591 1272 1653 cir-

98 1716 101 1721 ·
162 1695 347 1773 caconiugla
369 1693 465 1754 mixta
497 1675 682 1775 propositas
706 1697 902 1753 constantem
939 1691 1165 1756 adhaesionem
1188 1697 1275 1758 'lusi-

161 1801 244 1877 gniter
267 1796 492 1877 declararrmt,
514 1804 610 1879 atque
632 1797 670 1859 ad
689 1796 938 1876 praecavendam
955 1800 988 1861 in
1006 1801 1097 1880 praui
1119 1800 1278 1864 difformi-

163 1909 237 1966 tatem
261 1907 426 1984 sequentia
450 1905 589 1965 unanimi
619 1903 771 1983 suffragio
802 1905 1058 1966 conseituernntz·
1077 1900 1118 1979 a)
1141 1908 1275 1972 benedi-

163 2012 278 2073 ctionem
297 2011 443 2090 coniugii
464 2030 531 2072 rem
556 2004 626 2072 esse
648 2030 735 2071 mere
757 2007 962 2091 religiosam,
986 2012 1055 2072 eius
1073 2013 1196 2075 intuitu
1214 2015 1276 2077 ita-

162 2135 207 2194 que
232 2136 377 2179 normam
404 2136 464 2198 per
485 2118 585 2178 Breve
614 2117 666 2178 Pii
688 2115 774 2179 Vlll.
806 2117 956 2199 scriptam
983 2117 1166 2180 tenendam
1195 2120 1276 2185 fore.

92 2208 105 2297 ξ
164 2223 188 2295 b)
206 2222 334 2287 Fideles
357 2220 464 2284 oblata
486 2221 631 2303 qiralibet
653 2223 891 2304 opportunitate
920 2225 959 2284 ab
990 2222 1137 2286 ineundis
1168 2227 1275 2290 mixtis

164 2332 263 2408 nuptiis
294 2328 531 2408 dehortandas,
562 2334 595 2390 ct
614 2330 692 2409 has,
725 2335 876 2410 quantum
906 2327 1003 2409 licet,
1033 2330 1277 2414 impediendas,

163 2437 384 2497 conditionesvc
402 2435 568 2497 Ecclesiae
590 2434 733 2496 fideliter
754 2433 876 2515 populo
900 2422 1116 2514 explanandas
1139 2457 1219 2500 esre.
1243 2441 1276 2513 c)

100 2590 106 2607 .
164 2538 352 2604 Matrimonia
375 2547 472 2601 mixto
495 2541 646 2622 impediri
668 2547 866 2625 nequeunte,
896 2548 1024 2621 partes,
1058 2542 1132 2603 dum
1164 2552 1198 2605 se
1223 2563 1278 2605 co·

163 2664 215 2709 ran
235 2648 377 2728 parocho
400 2650 535 2726 sistunt,
559 2649 644 2708 circa
667 2647 888 2708 educationem
918 2645 1158 2727 religionariam
1186 2649 1279 2712 ’futu-

94 2728 104 2775 Ἰ
163 2769 252 2816 rarum
273 2751 414 2832 prolium
436 2754 650 2835 interrogari,
674 2755 756 2814 etsi
780 2771 797 2812 e
818 2753 984 2832 responsis
1013 2771 1072 2832 per
1102 2757 1156 2814 eas
1179 2773 1276 2834 appa·
1384 2838 1386 2842 λ

162 2867 250 2940 reret,
274 2859 512 2921 conditionibus
536 2857 703 2921 Ecclesiae
734 2856 820 2918 baud
843 2858 1016 2937 satisfieri,
1047 2857 1281 2940 promulgatio·
1306 2889 1310 2913 ι

163 2981 206 3027 nes
227 2965 355 3049 paridem
377 2967 517 3048 suscipi,
548 2965 801 3028 benedictionem
825 2969 928 3024 tamen
959 2971 991 3024 et
1020 2964 1279 3057 usum'aliorum

163 3066 424 3135 decrementorum
445 3073 529 3153 parti
556 3070 734 3133 catholicae
765 3068 852 3131 velut
881 3069 1096 3150 indispositae
1129 3058 1282 3154 denegari

124 3218 128 3223 -
164 3174 275 3243 debere.
306 3180 343 3250 d)
371 3180 549 3260 Puerperas
572 3176 766 3255 catholicas,
791 3197 870 3256 quae
893 3195 931 3238 ex
960 3176 1174 3240 inexcusabili
1190 3171 1281 3241 'ieri-

127 3292 130 3297 '
164 3287 218 3347 tate
238 3309 276 3349 ac
297 3283 512 3347 indifferentia
537 3305 612 3364 erga
623 3283 824 3363 Religionem
834 3268 1035 3344 catholicam
1053 3267 1180 3365 prolem
1192 3305 1288 3349 suom*

163 3403 211 3467 per
230 3394 411 3455 ministrum
433 3389 648 3471 evangelicum
670 3391 827 3470 baptisari
849 3390 1010 3468 siverunt,
1032 3391 1095 3451 ritu
1114 3389 1281 3481 Ecclesiae

194 3630 249 3680 scin
268 3624 510 3677 uuabinderlicbes
529 3627 696 3676 Bcwenden.
719 3625 812 3682 Weun
844 3637 897 3674 uun
916 3628 980 3674 uber
1001 3623 1044 3674 die
1064 3623 1191 3674 Bischdie
1209 3630 1284 3684 etur·

194 3722 275 3770 durch
294 3720 338 3769 die
357 3717 428 3767 alten
448 3720 515 3767 oder
534 3719 616 3767 durch
635 3731 705 3766 neue
725 3716 846 3781 gebeima
866 3715 1073 3766 conventiones
1092 3715 1149 3772 sieb
1174 3718 1285 3767 bestim-

96 3862 100 3869 ,
195 3827 251 3866 auen
271 3815 375 3871 lssseu,
390 3812 443 3860 den
463 3811 505 3860 die
524 3811 705 3879 Eiusegnung
726 3808 952 3873 vcrweigerndeu
968 3808 1106 3867 Priestern
1125 3807 1164 3858 sie
1183 3809 1210 3859 iu
1231 3810 1282 3859 deu

195 3907 308 3956 meisteu
323 3900 420 3952 Eillen
439 3916 487 3950 aus
507 3903 701 3953 bescbeideuer
728 3898 857 3965 Klugbeit
883 3914 918 3962 au
944 3896 1088 3963 bcicblen,
1112 3900 1167 3950 wie
1191 3899 1285 3952 dsnnl

89 3997 95 4033 '²
112 4058 116 4067 ¹
196 3998 273 4047 Brun
284 3997 321 4046 ist
338 3996 385 4043 das
405 3991 458 4043 alte
472 3992 645 4044 Verhiltniss
662 3972 710 4043 des
722 3992 1013 4056 Gewissenszwanges
1025 3991 1129 4041 wieder
1148 3994 1191 4056 da,
1209 4008 1285 4044 nwsr

99 4068 103 4077 Ι
198 4091 269 4140 nieht
286 4082 458 4137 onmittelbsr
484 4087 568 4135 durch
595 4087 647 4135 deu
674 4087 766 4147 Stant,
792 4087 855 4135 aber
879 4085 947 4135 doch
971 4084 1052 4132 durch
1082 4085 1133 4133 den
1159 4086 1286 4147 Biseboi;

92 4218 98 4233 2
200 4183 251 4230 und
278 4181 322 4230 die
347 4167 531 4242 llbertretung
550 4179 598 4227 der
621 4178 808 4232 Vorscbriitcu
833 4179 882 4228 der
900 4177 999 4235 Kircbe
1026 4175 1120 4226 wiirde
1146 4178 1216 4235 daun
1234 4190 1285 4228 nur

202 4273 282 4323 durcb
292 4274 344 4322 deu
354 4271 468 4319 Biseboi
480 4252 653 4336 genehmiget
661 4267 686 4318 !’'

236 4360 310 4428 58¹1)
323 4363 413 4416 Mon.
432 4361 493 4414 228.
513 4375 574 4426 pag.
594 4361 654 4412 330.

1003 4443 1084 4474 nn*
