2782 4830
670 294 915 368 ...580-

224 466 385 528 eousque,
410 443 514 504 donec
536 442 568 502 in
592 441 722 520 praeuio
753 437 953 520 indisposite
977 447 1063 528 statu
1091 444 1351 523 perseveraverit,

223 553 353 616 minime
386 546 510 610 absolvi
544 545 694 608 decrevit.
721 542 799 618 ¹¹⁰⁶)
825 578 862 590 -
896 547 1089 610 Praesidere
1120 556 1212 633 erut,
1246 551 1352 611 instru-

225 659 366 720 ctionem
396 655 494 715 istam
530 651 731 716 Pastoralem
766 668 829 713 non
866 653 1009 734 eslgnam
1045 652 1265 717 Politicorum
1296 656 1350 717 clm

222 761 376 843 temporis
400 758 609 822 attentionem
632 757 836 820 excitaturum
859 777 941 821 esse.
965 759 1087 840 lteipsa
1111 758 1230 822 eadem
1250 758 1351 822 Politi-

154 890 158 899 ¹
223 870 274 931 cis
294 872 397 952 totum
428 865 599 926 Decretum
631 863 845 942 Caesareum,
877 863 964 945 qued
986 854 1055 926 iere
1085 866 1303 929 irrestrictam
1320 856 1352 927 ii·

221 971 378 1037 iieriatcm
410 969 542 1050 nuptias
571 967 687 1030 mixtas
717 967 849 1037 ineundi
874 973 1058 1047 concessit,
1100 979 1250 1052 evertere
1279 970 1352 1034 eide·

186 1085 192 1097 '
221 1083 336 1155 batur,
358 1081 590 1157 tantopereque
613 1071 801 1155 displicuit,
824 1082 860 1138 ut
881 1076 920 1141 ab
944 1076 1141 1158 imperatore
1166 1086 1248 1159 post
1269 1079 1352 1140 itera·

222 1191 289 1246 tam
310 1178 496 1245 instantiam
518 1178 707 1242 Mandatum
737 1182 933 1244 obtinueritc
959 1202 1022 1263 quo
1045 1182 1220 1246 cardinali
1244 1186 1351 1266 Allppo

224 1288 452 1354 instructionis
474 1286 636 1347 revocatio
660 1289 718 1349 sub
741 1306 843 1365 poena
866 1285 955 1350 mille
977 1306 1148 1351 aureorum
1174 1291 1352 1371 injungeba-

221 1400 283 1457 tur.
312 1389 389 1466 110Ί)
413 1390 494 1454 Post
534 1386 612 1453 lites
643 1392 769 1473 integro
809 1412 911 1474 poeue
934 1395 1064 1456 biennio
1090 1393 1241 1475 desuper
1265 1397 1352 1476 agito·

215 1506 271 1562 tas
294 1518 348 1560 res
369 1505 440 1585 ¹tota
464 1498 511 1559 sic
530 1496 656 1559 demum
680 1501 858 1579 composita
881 1501 1024 1561 exstitit:
1049 1506 1084 1560 ut
1105 1519 1194 1564 noua
1218 1521 1260 1564 ex
1282 1503 1351 1563 Gur·

221 1604 353 1667 slst'orio
377 1600 527 1686 Aldppall
549 1600 590 1664 ad
613 1585 732 1664 Sacros
755 1605 912 1666 Curiones
942 1607 1224 1669 transmitteretur
1246 1608 1352 1668 lustru-

221 1711 287 1771 ctio
313 1708 368 1772 dd.
391 1716 421 1770 2.
445 1709 532 1770 Junii
559 1713 651 1770 1785.
675 1728 756 1788 qrrae
786 1718 891 1772 tamen
915 1703 1020 1792 quoad
1050 1711 1292 1792 principaliora
1313 1733 1352 1774 ca-

101 1797 106 1802 ·
221 1817 289 1894 pitu
313 1836 331 1876 a
353 1816 461 1895 priore
483 1813 572 1876 haud
596 1812 724 1894 differt,
746 1837 813 1878 rem
838 1837 911 1883 vero
935 1819 1108 1879 mixtorum
1140 1819 1352 1881 matrimonio-

222 1924 293 1983 r'um
316 1921 349 1981 in
374 1938 495 1981 summa
518 1915 727 2001 generalitate
757 1929 1001 2000 commemorat,
1025 1931 1056 1984 et
1089 1922 1290 1988 discretioni
1309 1942 1352 2004 pa·

219 2026 394 2092 rucherum
424 2024 623 2089 tractandam
655 2029 835 2091 committit.
863 2025 944 2101 ¹¹⁰⁸)
1164 2011 1167 2015 ⁸

709 2194 749 2290 ς.
774 2198 863 2273 aaa.

218 2332 486 2406 Principium
512 2333 820 2410 loseputnum,
845 2337 961 2409 quod
986 2322 1146 2395 attinet
1178 2340 1239 2397 essi
1267 2336 1351 2398 eiu·

218 2424 429 2486 cottonem
446 2426 634 2498 prolium
658 2444 682 2484 e
700 2435 825 2487 metr.
841 2429 1004 2500 mixtis,
1024 2429 1163 2487 etim
1185 2444 1216 2490 ι
1234 2432 1348 2489 murts

167 2534 174 2549 ¹
217 2520 417 2579 Eiusdem
443 2533 523 2591 per·
548 2519 756 2588 Regimen
783 2523 914 2581 civile
941 2518 1342 2582 sustentamentum

216 2613 405 2672 vicissim
432 2610 627 2669 doctr-inu
652 2614 866 2673 Ecclesiae
893 2628 974 2687 per
998 2615 1246 2675 Praesulcs
1280 2614 1342 2672 ia·

141 2749 143 2752 ψ
216 2708 402 2766 ste-iocos
426 2703 659 2762 identidem
677 2706 800 2764 ciero
837 2706 1070 2780 proposita.
1108 2709 1370 2781 Exemplum·

492 2810 543 2853 ex
561 2796 787 2882 Anioccesi
806 2798 1091 2858 olomucensi·

260 2986 262 2990 Α
324 2914 524 2995 Principium
545 2913 775 2994 legislationis
796 2919 992 2998 losephiuae
1015 2914 1123 2999 quoad
1150 2912 1338 3000 religionni-

217 3044 268 3085 am
292 3022 517 3084 educationem
539 3019 679 3100 prolium
703 3046 719 3084 e
742 3025 909 3086 connubiis
941 3022 1069 3100 mixtls',
1095 3024 1180 3086 dorm
1202 3028 1290 3106 pater
1306 3024 1345 3081 est
1384 3074 1387 3099 ,

217 3126 440 3204 acatholicus,
463 3128 550 3188 iuxta
573 3144 682 3189 sextam
715 3139 882 3208 parentum
912 3129 1175 3208 instituendam,
1198 3139 1260 3190 tam
1282 3125 1341 3188 stri·

214 3240 264 3296 cte
282 3235 314 3294 in
336 3232 468 3295 Austris
490 3232 808 3314 recentioriquuque
831 3243 973 3316 tempore
989 3253 1049 3312 per
1068 3236 1232 3315 Regimen
1256 3228 1342 3294 Civile
1385 3300 1387 3305 Ι

217 3341 466 3403 observabatum
491 3342 526 3397 ut
548 3339 677 3400 etiamsi
706 3340 813 3402 neiors
835 3341 959 3422 prolem
983 3362 1000 3401 e
1021 3342 1128 3402 mixto
1155 3336 1341 3402 matrimonio

216 3446 354 3528 genitam
375 3443 539 3525 ¹parochus
562 3443 741 3539 catholicus
769 3468 861 3508 sacro
885 3448 974 3508 fonte
996 3445 1182 3525 abluisset,
1206 3444 1287 3526 patri
1304 3449 1338 3501 te

212 3572 285 3638 men
318 3549 502 3613 acatholico
544 3549 667 3612 salvum
697 3551 748 3613 ius
781 3554 934 3615 manserit
964 3551 1091 3632 prolem
1126 3552 1213 3615 hanc
1242 3553 1273 3611 iu
1292 3563 1334 3607 sur

215 3656 427 3719 consensione
469 3653 636 3718 educandi.
674 3653 757 3729 ¹¹⁰⁹).
786 3661 982 3738 Quamquam
1025 3666 1135 3720 autem
1164 3657 1239 3740 lege
1268 3646 1335 3716 cirili

288 3843 372 3909 1106)
391 3848 485 3896 Mon.
504 3847 565 3898 390.
585 3861 647 3912 pag.
666 3847 727 3899 783.
999 3908 1001 3913 y

287 3933 371 3999 1107)
393 3938 467 3989 Haec
494 3939 530 3987 ita
549 3939 696 4001 evenisse,
725 3956 756 3990 ex
781 3943 883 4003 scripto
910 3934 1069 3991 documento
1101 3942 1227 4004 desuper
1249 3940 1273 3990 iu
1296 3935 1333 3983 Ar·

252 4032 331 4081 chive
354 4031 475 4089 ,11νίεωί
493 4037 656 4080 conservato
675 4034 811 4082 eruimusa
829 4036 908 4083 Arcls,
933 4035 987 4083 Vet.
1006 4034 1084 4082 Νη).χ
1093 4029 1162 4083 215.

288 4115 372 4182 1108)
390 4121 478 4169 Mon.
497 4120 558 4172 391.
577 4136 639 4187 pag.
658 4123 719 4173 785.
739 4151 774 4161 —-
792 4125 855 4174 vio.
880 4116 1061 4174 Dresia-ll
1072 4120 1233 4188 dilslsoii,
1252 4125 1282 4170 cle
1301 4116 1331 4164 ll·

248 4215 373 4263 sorimiuc
402 4211 471 4261 iuris
497 4215 644 4263 communie
678 4221 707 4264 ct
737 4216 872 4266 Austrices'
906 4217 935 4265 irs
970 4216 1122 4266 statuendis
1157 4207 1331 4276 transducti

249 4313 328 4356 matr.
347 4303 531 4354 dirimentibus
544 4316 603 4365 nep.
624 4302 671 4355 73.
690 4306 720 4366 ff.

283 4393 367 4458 1109)
388 4397 466 4447 licor.
486 4397 591 4456 Reciso.
611 4397 676 4455 Suu.
696 4400 783 4449 Aruer.
802 4402 846 4450 dd.
866 4390 914 4451 30.
939 4401 1013 4458 Seue.
1037 4395 1126 4452 1819.
