2798 4838
536 217 808 300 ,435-

131 371 198 436 atat
218 368 365 453 peperit,
388 368 445 434 ved
467 367 541 433 ideo
562 389 627 433 nun
648 391 778 454 parvum
800 369 1015 436 advertorium
1041 391 1115 439 mox
1142 381 1254 439 nactur

132 484 204 542 erte
227 478 320 540 cuiue
342 477 509 566 utriusque
532 475 771 558 argumentandi
792 477 949 539 rationem
966 479 1110 541 nonnilril
1125 483 1253 544 uberiur

129 602 313 668 proponere
349 580 554 644 intendimur.
593 582 637 654 A)
663 581 750 644 Jolv.
781 581 863 647 lor.
897 583 980 664 lgn.
1009 582 1253 668 liiillinger,

129 690 221 765 Profi
240 707 287 754 aa
307 690 483 769 Macedon,
505 691 582 751 riter
604 691 771 766 pemtaclatc
790 690 890 750 Elaea
919 692 1002 752 Ilico
1023 694 1153 754 aanor
1176 709 1254 755 auca

130 799 282 858 Friedm
302 795 632 870 decanatum-1838.
654 791 690 854 lu
710 789 823 854 libello
844 793 928 873 lucc,
959 794 1015 876 qui
1029 794 1113 858 intra
1131 813 1252 877 paucoe

129 918 258 963 menae·
285 897 453 979 quinquie·
487 894 591 959 editur
629 897 769 975 exstitit,
807 897 928 960 Auctor
954 896 1180 965 celeberrimus
1210 899 1253 965 ad

130 1024 259 1068 omnem
275 1000 463 1084 possibilem
480 999 658 1064 claritatem
676 1001 851 1084 perducere
866 1005 998 1085 cupiens
1016 1011 1254 1071 controversam

129 1111 372 1192 quaertioncm,
400 1108 565 1188 aequantia
586 1108 762 1187 praemittit
782 1108 957 1192 principia,
988 1113 1028 1174 ab
1049 1111 1196 1177 omnibnr
1218 1118 1255 1176 ut

130 1211 212 1279 talia
233 1211 437 1295 recipienda:
459 1216 494 1288 a>
518 1212 710 1291 discrimen,
741 1213 827 1292 quod
856 1214 940 1277 inter
961 1215 1161 1297 Religionem
1192 1218 1253 1280 (la-

130 1319 286 1384 tlrollcam
309 1325 341 1381 et
354 1317 597 1380 Conicuaiouem
615 1308 882 1382 Proteatauticam
904 1321 1091 1401 intercedit,
1114 1343 1180 1385 uon
1201 1343 1255 1388 ac·

113 1424 327 1505 *cideuialia‚
342 1422 408 1486 -red
429 1443 501 1486 vere
523 1421 706 1486 earerrtialia
728 1423 806 1486 iidei
827 1427 933 1506 capita
949 1428 1130 1510 respicere,
1151 1429 1255 1509 ipram

131 1534 258 1597 animae
280 1528 412 1592 ralutem
434 1528 610 1609 proximius
627 1530 863 1610 contingentia3
885 1532 922 1603 b)
938 1538 1086 1613 parentet
1106 1540 1255 1616 revpectu

132 1632 496 1717 educationiavproiiam
518 1651 644 1696 auarum
667 1632 890 1714 religiouariae
913 1635 1043 1699 eandem
1060 1638 1178 1701 habere
1197 1639 1255 1700 ob·

129 1740 339 1825 ligationem,
379 1760 471 1821 quarn
500 1744 648 1821 retpectu
678 1739 836 1802 curandae
870 1742 1020 1823 propriae
1053 1740 1165 1806 ealutls
1197 1743 1255 1805 na-

130 1832 230 1913 aaut:
251 1847 326 1908 hinc
349 1843 393 1908 de
410 1843 478 1909 illia
498 1845 703 1926 parentibus,
726 1844 780 1923 qui
795 1846 828 1907 in
844 1844 999 1926 religione
1016 1849 1056 1910 ab
1074 1848 1155 1931 iprle
1175 1854 1255 1911 tam·

132 1973 229 2039 quam
259 1970 391 2014 erronea
417 1951 527 2014 habita
548 1960 582 2013 et
601 1951 708 2030 agnita
729 1948 839 2029 prolea
866 1971 941 2015 enar
969 1951 1100 2015 educari
1129 1954 1257 2034 uiuunt,

131 2054 404 2143 pronunciandum
426 2077 518 2135 erac,
547 2055 633 2135 quod
661 2053 773 2117 liberie
796 2057 864 2119 auia
885 2057 966 2119 viam
997 2057 1112 2121 ralntir
1142 2071 1255 2141 aggra—

132 2170 230 2242 vant,
258 2164 369 2242 ricque
391 2169 501 2224 contra
523 2160 652 2242 propria
683 2160 792 2223 officia
822 2160 1029 2243 delinquente
1060 2169 1093 2238 c)
1112 2164 1257 2228 catholi-
1358 2233 1361 2237 ,

133 2290 207 2335 eum
219 2267 446 2347 Sacerdotem,
468 2265 543 2328 dum
563 2268 597 2329 in
619 2272 710 2330 matr.
732 2268 839 2331 mixtio
861 2275 983 2350 partem
1005 2272 1173 2353 coniugum
1204 2291 1257 2333 ca-

132 2362 288 2441 tholicam
310 2373 352 2435 ad
373 2371 592 2435 educationem
622 2373 764 2453 prolium
784 2369 975 2437 catholicam
996 2377 1123 2457 praevie
1150 2377 1183 2439 in
1204 2383 1258 2441 tu·
1306 2448 1316 2464 ¹

133 2488 169 2547 tc
190 2477 412 2543 collocandam
434 2484 559 2554 mouet,
582 2477 772 2558 obligationi
793 2499 870 2542 auae
890 2480 997 2543 facere
1019 2483 1119 2561 ratic,
1149 2490 1182 2545 ct
1201 2482 1257 2563 id,

134 2568 223 2671 quoti
243 2589 314 2668 ipae
336 2584 463 2662 coniugi
486 2580 644 2644 catholico
664 2585 699 2644 in
715 2586 898 2646 memoriam
916 2593 1063 2665 revocat,
1086 2589 1162 2649 huic
1182 2608 1257 2670 pro-

135 2694 206 2779 pria
238 2709 362 2773 quoque
385 2688 501 2751 dictari
528 2688 742 2765 conscicntia3
774 2688 810 2760 d)
835 2687 964 2750 illerum
996 2691 1194 2754 Catholicnm
1223 2695 1257 2756 in

136 2797 309 2863 Germania
332 2795 477 2876 uurpiam
495 2789 696 2875 privilegium
715 2790 845 2872 aliquod
863 2794 897 2854 in
913 2794 975 2856 hoc
994 2805 1112 2875 puncto
1134 2817 1194 2878 pro
1223 2818 1257 2862 re

135 2922 308 2988 quaerere,
330 2889 393 2964 aut
406 2903 456 2962 ius
476 2899 621 2982 exigere,
642 2896 727 2976 qarod
743 2899 900 2960 miniatrle
917 2903 1157 2979 protestanticir
1176 2923 1258 2984 quu-

133 3022 196 3093 pne
216 3008 316 3071 tribui
338 3004 449 3069 nollet.
471 3006 532 3068 Hie
553 3005 757 3086 praemiavlu,
782 3009 897 3066 statum
920 3013 1142 3070 controversae
1164 3028 1262 3090 quae-

135 3115 252 3181 rtionia
280 3114 313 3175 in
335 3111 488 3175 Bornaaia
514 3111 560 3172 ita
589 3111 678 3190 figite
707 3109 840 3173 aStatu
863 3109 960 3173 Civili
997 3108 1194 3196 desiderari,
1224 3123 1260 3179 ut
1311 3136 1315 3145 ¹

136 3219 296 3285 flaccidos
318 3215 505 3280 Catholicae
527 3217 641 3278 mixtae
670 3216 797 3297 nuptiae
828 3236 900 3278 cum
923 3237 961 3279 ea
981 3218 1165 3285 conditione
1194 3224 1260 3286 ini·

136 3332 207 3406 tar,
230 3323 317 3406 quod
337 3321 445 3404 proler
467 3323 501 3383 lu
523 3321 724 3384 couleraione
756 3320 966 3386 acatholica
994 3324 1097 3390 aliena
1120 3327 1261 3392 educau-

138 3430 198 3495 dae
221 3431 305 3509 aiut,
322 3427 502 3492 zbcnedicat.
525 3425 712 3488 Cuiusmodi
734 3424 928 3490 desiderium
943 3429 1177 3511 portulatumvc
1192 3436 1258 3498 Re-

139 3537 269 3620 pimiu'ie
290 3535 324 3596 in
344 3531 434 3594 nulla
462 3530 534 3611 lege
564 3529 650 3592 civili
678 3529 809 3593 fundari
819 3526 999 3613 *ostendam
1030 3544 1062 3598 ct
1093 3539 1259 3602 obrervata

138 3662 202 3707 non
223 3641 298 3703 ideo
323 3637 501 3701 desiderari
529 3635 799 3714 benedictionem,
827 3640 922 3717 'quael
949 3641 1021 3720 ipra
1049 3638 1091 3702 ad
1121 3641 1261 3709 valorem
1291 3662 1294 3667 ·

139 3746 333 3812 matrimonii
364 3762 421 3807 aen
450 3740 669 3805 ecclesiastico
699 3741 764 3803 aiva
794 3740 882 3803 civili
902 3751 1050 3825 respectu
1078 3751 1261 3814 necessaria

140 3854 245 3933 foret,
275 3871 346 3914 cum
374 3868 433 3911 nec
456 3847 603 3929 Synodur
626 3845 813 3908 Tridentino
841 3846 875 3909 id
903 3848 1069 3931 docuerit,
1100 3859 1133 3916 et
1161 3855 1264 3922 Seder

140 3955 329 4042 Apostolica
360 3957 394 4018 lu
416 3955 511 4016 Brevi
541 3953 583 4014 ad
612 3953 793 4033 Episcopoa
824 3954 995 4017 Rhenanus
1026 3961 1263 4029 matrimonium

124 4064 269 4128 tametsi
302 4081 408 4124 coram
437 4059 583 4121 ministro
612 4057 773 4121 haeretico
786 4048 929 4140 initum,
959 4080 1067 4124 verum
1095 4071 1262 4150 ratumque

142 4168 368 4246 declaraverit,
398 4184 494 4247 quare
524 4163 598 4224 hinc
627 4161 662 4225 id
695 4180 819 4244 quoquc
841 4167 950 4245 aequi,
980 4167 1065 4247 quod
1095 4169 1283 4252 denegatio.

141 4272 380 4340 benedictioni!
398 4277 557 4351 tamquam
579 4266 838 4350 impedlmentum
860 4271 1054 4333 matrimonii
1076 4275 1165 4337 mixti
1188 4297 1264 4341 con-

180 4388 354 4454 notamina,
373 4394 406 4442 de
421 4389 498 4441 Matr.
519 4390 621 4441 Mittis.
640 4393 664 4441 1.
1022 4383 1060 4437 25
