2782 4830
585 303 831 378 „4⁶9-

135 449 232 512 leuius
262 447 296 512 in
318 445 435 512 tuende
458 446 645 513 Catholicae
674 447 854 530 Religionis
881 452 1102 533 praerogativa
1133 452 1259 535 insigne

133 552 258 625 relucet
293 553 514 617 documentum
550 557 587 647 lu¹
612 554 708 618 'facto
743 556 987 637 Archieplseopi
1029 558 1259 640 strigoniensis
1291 558 1294 563 ’

135 657 392 737 Gnrdlnalls
422 660 677 743 ali'orgaclm
707 662 761 740 qui
781 662 910 723 nomine
932 661 1023 726 Cleri
1043 662 1194 727 adversus
1215 661 1257 727 ll·

133 768 276 829 bertates
305 784 363 847 per
383 768 643 847 gl’ocs'ficots'onem
667 771 873 830 Viennensem
900 769 1154 841 Protestantilms
1184 787 1259 832 con·

135 892 246 943 cessas
268 870 443 934 solenniter
465 871 655 937 contradixit
671 866 745 945 ⁹⁰²).
759 903 803 917 -
825 873 919 936 Circa
943 876 1059 937 exitum
1077 882 1180 938 mmen
1200 874 1259 938 Se-

133 975 202 1041 culi
222 976 322 1042 XVll.
353 979 501 1040 nimirum
531 998 613 1040 anno
647 981 738 1040 loeo.
771 977 1039 1061 deprehendimus
1079 980 1260 1060 opinionem

135 1080 371 1153 cardinali
400 1103 419 1146 a
447 1081 570 1147 Koll
591 1103 647 1145 on
663 1083 746 1145 ioh
775 1085 898 1166 AEppo
928 1087 1144 1169 strigoniensi
1164 1104 1260 1169 super

137 1191 434 1270 quaestiones,‚an
457 1187 623 1252 Praelntus
645 1190 751 1270 possit
772 1195 805 1251 et
822 1188 935 1255 debeat
957 1184 1123 1271 inhibere,
1143 1211 1184 1255 ne
1202 1212 1260 1274 pn-

133 1295 226 1358 roohi
249 1296 402 1358 assistant
423 1296 634 1357 matrimoniis
655 1295 739 1356 inter
760 1294 940 1384 catlrollcos
967 1316 1005 1359 ex
1023 1316 1105 1378 uua,
1128 1302 1160 1361 et
1182 1310 1256 1361 ncn-

133 1399 337 1471 tlrollcosrex
358 1386 533 1482 elia⁴parte
555 1419 627 1463 cum
644 1399 706 1462 hae
719 1399 904 1463 conditione
920 1403 1032 1482 tultis,
1053 1408 1090 1465 ut
1107 1422 1259 1485 unapars

133 1506 277 1590 prolium
298 1505 479 1585 catholice,
501 1504 601 1568 altera
623 1504 799 1569 acatholioe
827 1501 1026 1570 educeturi”
1054 1506 1258 1590 praestitam:

135 1632 150 1676 e
172 1622 236 1693 qua
258 1617 407 1694 apparet,
429 1617 496 1674 tum
518 1610 604 1690 quod
626 1617 717 1675 matr.
738 1613 835 1674 mixta
858 1613 922 1675 iam
944 1618 1019 1675 tune
1039 1612 1257 1695 frequentiora

138 1721 319 1795 evaserint,
348 1724 413 1779 tum
446 1716 532 1795 quod
554 1716 664 1778 eadem
695 1737 766 1778 eum
790 1717 975 1779 conditione
1007 1717 1046 1780 de
1069 1700 1257 1782 educatione

133 1823 345 1905 religionaria
375 1821 515 1903 prolium
545 1824 634 1884 iuxta
672 1842 781 1884 serum
822 1822 993 1885 dividenda
1021 1824 1098 1887 iniri
1125 1843 1260 1886 cousue-

133 1933 251 1995 uerint.
282 1933 317 1993 ln
350 1929 501 2008 opinione
530 1928 629 2008 igitur
650 1926 710 1989 lroc
731 1925 819 1991 clare
843 1927 1026 2011 disciteque
1055 1929 1258 1994 ennomus:

107 2032 286 2118 ,coningio
317 2054 385 2098 cum
418 2040 590 2098 memorata
618 2032 800 2096 conditione
828 2034 910 2096 inita
939 2044 1074 2116 prorsus
1103 2036 1204 2117 impis
1223 2040 1261 2098 et

127 2140 223 2206 nullo
246 2162 323 2204 essu
344 2139 456 2219 licita,
487 2146 641 2221 pactoque
670 2137 747 2201 talia
770 2135 870 2222 impia
901 2147 933 2202 et
953 2136 1045 2203 irrita
1065 2138 1157 2224 iore,
1187 2160 1260 2206 cnm

128 2250 198 2310 siut
236 2254 346 2308 eontra
381 2249 431 2309 ius
463 2245 715 2307 ecclesiasticum
744 2264 809 2306 uon
839 2245 942 2309 miuus
982 2266 1076 2326 quam
1107 2247 1259 2347 divinum,

128 2352 217 2416 unde
246 2372 305 2413 nec
326 2353 498 2433 parochnm
526 2349 719 2413 catholicum
748 2369 843 2430 posse
874 2350 941 2413 illis
971 2348 1063 2414 licite
1090 2350 1261 2415 adsistere.
1352 2392 1355 2399 ·

125 2461 164 2525 ln
200 2457 311 2520 eadem
343 2459 494 2535 opinione
515 2456 550 2517 id
572 2475 698 2536 quoque
720 2457 895 2518 asseritura
926 2458 1126 2520 matrimonia
1152 2477 1260 2523 eornm

127 2565 281 2627 ministro
314 2560 494 2644 evangelieo
524 2567 686 2623 contracta
718 2579 755 2623 ex
784 2559 913 2650 defectu
941 2564 1145 2625 assistentiae
1181 2581 1259 2644 pro·

127 2670 197 2753 prii
218 2669 352 2748 parochi
373 2665 532 2744 invalida,
554 2665 797 2759 ministrumque
826 2657 977 2747 copulare
1005 2660 1257 2748 praesumentem

128 2796 236 2860 poena
258 2774 386 2856 dignum
411 2772 490 2834 iore.
507 2767 570 2844 905)

617 2979 654 3072 §-
681 2926 791 3052 sess

128 3145 274 3207 seculi
286 3146 444 3203 mun
464 3141 588 3200 initio
598 3128 725 3200 matr.
739 3138 872 3197 mixto
882 3103 1139 3210 mercensis.
1153 3142 1257 3201 Pro.

127 3239 317 3306 visiones
335 3241 388 3296 rio
411 3235 661 3301 educatione
687 3233 874 3308 prolium
893 3244 1065 3307 semper.
1081 3234 1128 3293 tn
1152 3234 1257 3296 wide

437 3328 654 3388 catholiea
670 3325 948 3386 instituendo.
1015 3376 1018 3380 .
1043 3355 1046 3364 ·

233 3511 328 3573 lnltio
357 3509 466 3573 Seculi
485 3508 600 3572 XVlll.
622 3485 801 3587 frequentia
832 3510 923 3568 erant
951 3507 1068 3568 mixtae
1089 3504 1254 3587 religionis

126 3616 355 3696 matrimonia,
386 3622 417 3677 et
449 3615 646 3679 defectiones
677 3632 695 3674 a
728 3609 808 3674 l'ide
842 3608 1011 3672 catholica
1045 3608 1254 3676 invaluerant.

126 3723 211 3787 Nam
233 3723 295 3809 iam
325 3742 354 3784 a.
375 3725 467 3785 17⁰3.
505 3718 547 3782 ad
579 3718 748 3781 Civitatem
779 3719 1084 3778 Solemnioziensem
1121 3716 1254 3799 Regin

128 3820 385 3897 Commissio
416 3825 538 3889 exmitti
567 3823 697 3901 debuit,
726 3838 805 3901 quae
828 3825 935 3882 cetera
963 3821 1046 3882 iuter
1076 3818 1117 3913 de
1137 3822 1253 3888 mediis

127 3932 340 4019 praecavendi
369 3910 564 4012 apostasiam
592 3926 715 3994 al'lde
737 3922 907 3989 catholica
936 3932 1111 4013 opportune
1141 3925 1254 4012 dispo·

134 4078 385 4097 μ

201 4164 269 4231 904)
288 4169 322 4218 ci.
340 4163 538 4230 retorriy,
564 4165 651 4219 Sacro
679 4162 802 4214 Concilio
829 4161 970 4212 Ecclesiae
986 4163 1022 4212 n.
1052 4163 1203 4213 &cinctione
1226 4163 1255 4211 s's

171 4264 206 4311 it.
225 4260 381 4321 Hunaors'oe
398 4259 537 4308 calcorum.
559 4261 588 4309 P.
608 4258 648 4306 11.
678 4254 795 4304 Posonii.
815 4250 903 4303 1742.
923 4268 947 4310 n.
967 4251 1030 4304 191.
1048 4269 1082 4303 ss.

209 4348 277 4414 905)
295 4351 386 4402 Mon.
405 4349 466 4401 26²1.
484 4363 547 4414 pop.
565 4349 626 4399 429.
645 4374 680 4385 -
700 4347 790 4397 Potui.
813 4347 927 4397 hirnus.
951 4346 1005 4395 i'et.
1024 4348 1074 4395 No.
1090 4343 1174 4394 1917.
