2798 4838
215 410 289 483 tur,
311 421 369 466 sue
389 421 424 464 se
446 399 540 483 culpe
561 400 667 463 iacere
690 407 862 481 expertem.
892 398 939 462 Ut
958 398 1070 485 ltaque
1090 397 1208 461 curati
1237 404 1335 460 eaute·

144 492 148 502 ¹
216 506 276 571 las.
292 507 351 570 has
381 509 414 569 in
447 505 660 596 celebratione
696 509 866 569 mixtorum
898 511 992 567 matr.
1023 510 1135 567 exacte
1168 506 1338 580 observent,

157 662 160 667 .
216 613 333 675 lisdem
364 613 516 675 maiorem
546 614 580 674 in
609 611 739 674 modum
769 611 965 691 iniungitur,
996 616 1253 692 argumentoque
1284 628 1341 671 nor

220 738 284 781 uno
314 716 519 795 ostenditur,¹
544 736 601 799 per
632 717 927 780 exactam-idmorli
961 717 1198 780 observantiam
1229 735 1290 776 nec
1316 716 1343 776 h

220 822 400 887 Articulum
415 829 470 884 26.
493 844 522 885 a.
544 818 657 898 179⁰s1.
679 823 833 903 impigri,
866 843 937 885 eum
965 824 995 885 ls
1016 822 1058 884 de
1085 819 1344 888 administrandis

220 930 337 992 ritibus
367 931 561 992 Sacramenti
591 929 791 992 Matrimonii
820 926 907 989 velut
938 934 1026 991 extra
1056 929 1233 1010 sphaeram
1264 945 1344 989 suan

222 1036 341 1119 positis
362 1033 408 1096 nil
430 1034 598 1113 decernat,
621 1054 680 1096 uec
702 1034 872 1096 decernere
894 1037 1052 1114 p.otuerlt;
1075 1054 1135 1095 nee
1152 1033 1268 1095 mlxtis
1288 1051 1346 1094 ma·

222 1140 384 1202 trimonils
405 1139 632 1220 impedimenta
653 1141 749 1219 poul,
782 1160 851 1201 eum
883 1160 946 1200 non
969 1141 1116 1202 obstante
1139 1158 1201 1217 eo,
1233 1139 1266 1200 si
1285 1136 1347 1216 qult

223 1246 359 1307 mixtum
386 1247 620 1307 matrimonium
651 1247 720 1306 sino
748 1246 884 1325 praeviis
913 1243 1047 1306 cautelis
1076 1245 1274 1307 contrahere
1301 1262 1348 1304 cu·

140 1340 144 1347 ¹
226 1352 314 1430 piat,
336 1347 401 1410 talc
425 1351 507 1411 inire
529 1369 594 1412 non
615 1351 824 1428 prohibeatur
852 1359 907 1412 aut
927 1350 1142 1431 impediatur3
1174 1368 1275 1412 usum
1302 1347 1349 1409 ‹le-

226 1457 322 1535 nique
352 1454 491 1534 plurium
523 1476 676 1516 annorum
707 1463 797 1518 matr.
825 1457 920 1518 mixta
957 1459 1051 1518 etiam
1083 1459 1155 1517 sine
1189 1452 1351 1535 praestitis

227 1538 362 1622 caertelis
392 1561 455 1621 ritu
486 1581 577 1622 sacro
607 1561 850 1622 administrandi
887 1562 1007 1629 frustra
1037 1560 1194 1641 allegari,
1228 1581 1300 1623 oum
1325 1559 1352 1620 ls

225 1686 292 1727 nou
313 1664 497 1745 perlegere
520 1665 646 1727 civilem
668 1666 892 1746 introductus,
922 1665 979 1728 secl
1001 1668 1094 1729 unice
1120 1676 1163 1728 ex
1184 1665 1352 1746 todrrlges-

224 1773 272 1833 tia
295 1770 383 1833 Cleri
405 1770 672 1853 repetendus'slt.
695 1774 829 1835 hemum
852 1773 972 1834 diserte
992 1773 1219 1855 praecipitur:
1251 1776 1288 1833 ut
1306 1788 1353 1831 oe·

228 1879 357 1938 rasione
381 1868 549 1959 mistorum
572 1884 662 1947 matr.
684 1899 759 1961 pars
783 1879 968 1956 cumprimis
991 1877 1154 1945 catholiea
1177 1876 1291 1940 solide
1310 1876 1353 1936 lo·

229 1984 396 2062 stituatur,
424 1992 669 2064 mereaturque:
702 1992 790 2047 extra
819 1982 933 2047 Fidem
957 1981 1159 2047 catholicam
1191 2004 1260 2049 uou
1291 1998 1355 2043 esse

197 2076 201 2089 ¹
231 2086 388 2165 salutem,
420 2109 454 2149 se
477 2090 576 2168 igitur
598 2091 800 2152 strictissime
824 2089 962 2169 obligari
993 2097 1059 2151 tum
1091 2089 1134 2151 ad
1165 2087 1355 2170 propulsan-

230 2193 306 2255 ‹lum
328 2213 387 2256 sua
409 2213 447 2255 ex
468 2200 558 2274 perte
575 2191 672 2255 'omne
694 2195 869 2274 pericolum
890 2194 1074 2276 prodendae
1095 2195 1199 2273 suci,
1234 2201 1300 2255 tum
1320 2191 1357 2255 acl

108 2312 112 2319 '
230 2297 319 2361 tilios
350 2299 383 2360 lu
415 2299 583 2361 catholiea
616 2298 785 2380 Religione
817 2299 1019 2376 educandum
1051 2303 1079 2363 si
1109 2307 1224 2362 autem
1258 2297 1357 2362 studia

222 2406 365 2487 ‚parochi
394 2406 428 2466 in
450 2406 577 2466 irritum
600 2405 734 2482 cadant,
764 2405 961 2469 declareture
991 2407 1164 2486 parochuru
1198 2404 1275 2486 lege
1301 2406 1357 2467 uc·

231 2510 352 2572 elesiae
380 2511 566 2589 prohiberi,
605 2513 772 2592 quominus
805 2510 886 2573 t'ales
917 2510 1043 2592 'nuptias
1075 2530 1272 2591 quoeunque
1300 2511 1357 2571 ritu

234 2638 325 2679 sacro
349 2618 516 2693 honestet,
540 2637 657 2698 casque
680 2617 848 2678 benedicat
872 2614 959 2690 ¹⁰⁵⁹).
975 2648 1017 2660 -
1039 2617 1233 2698 Eueyelieis
1262 2615 1357 2678 literis

233 2723 354 2785 adnexa
378 2725 472 2783 etiam
491 2722 554 2783 fuit
575 2728 756 2784 instructio
772 2723 814 2784 ad
830 2724 988 2803 parochos
1010 2724 1049 2784 de
1067 2725 1164 2784 morlo
1190 2719 1358 2785 assisteudl

232 2828 353 2890 talibus
385 2829 611 2902 matrimoniis,
645 2848 725 2907 queue
752 2830 821 2890 siue
853 2828 987 2890 cautelis
1018 2831 1057 2890 ab
1087 2828 1245 2891 Ecclesia
1275 2844 1357 2909 prae·

234 2936 365 3013 scriptis
389 2934 534 2995 contrahi
561 2935 777 3012 contingeret:
807 2937 953 2995 nimirum
983 2933 1266 3015 promulgationes
1297 2931 1358 3012 qul·

235 3040 307 3101 dem
330 3047 499 3100 constratas
529 3039 673 3116 institui,
703 3040 808 3120 ipsum
836 3049 939 3102 tamen
970 3043 1212 3103 matrimonium
1245 3060 1306 3102 non
1332 3038 1359 3096 h

234 3143 401 3220 Ecclesia,
424 3143 483 3205 serl
513 3146 545 3204 ln
568 3143 640 3204 loco
663 3145 819 3223 honesto,
843 3165 869 3207 e.
894 3166 924 3226 g.
946 3147 1076 3209 aedibus
1109 3145 1359 3226 parochialibus,

234 3249 409 3309 iucundum
432 3268 523 3323 esse,
544 3268 602 3328 per
624 3256 764 3310 mutuam
780 3271 957 3313 consensus
981 3253 1152 3333 coniugum
1172 3251 1359 3315 declaratio·

235 3375 328 3432 nem,
349 3355 446 3415 vitata
469 3356 554 3419 omni
576 3354 808 3421 benedictione..
824 3354 904 3432 ¹⁰⁶⁰)

724 3532 759 3626 p.
788 3536 874 3607 ιιι.

234 3673 417 3731 Ulterior·
451 3672 678 3730 instructio
712 3675 761 3731 trs
793 3675 940 3730 eodem
972 3673 1129 3732 mor-lto
1161 3669 1358 3731 remila

745 3770 857 3824 dete.

340 3926 525 3991 Praecideri
546 3929 668 4010 potuit,
696 3926 805 4006 plures
829 3928 1029 4009 quaestiones
1059 3924 1094 3985 in
1118 3929 1245 3988 merito
1276 3927 1359 3989 intro·

240 4028 353 4091 berctae
375 4035 519 4110 praeviae
552 4035 636 4099 eirca
659 4034 796 4099 iucunda
819 4033 1018 4128 matrimonia
1041 4031 1144 4095 mixta
1168 4031 1358 4116 disciptinae,

241 4155 487 4180 ’'Q-*¹*-

308 4222 392 4286 1059)
411 4228 501 4275 Μοιι.
521 4225 581 4274 373.
601 4239 663 4291 pag.
684 4227 745 4278 720.

308 4313 392 4378 1060)
412 4315 504 4366 Μοιι.
524 4317 583 4366 3714.
603 4332 666 4382 pag.
684 4318 746 4367 727.
