2798 4838
576 254 850 348 ss-mt-·

596 590 600 596 ι
615 491 651 583 §-
679 492 766 563 eoo.

111 653 425 715 &ammovet-sio
446 650 642 725 Episcopi
665 649 976 711 normannensis
1002 665 1102 710 emma
1128 652 1253 712 canl·

126 751 220 807 tatu
240 743 507 806 numanae-st
534 743 676 817 quoad
703 748 828 804 matr.
846 743 994 805 mixta·
1012 760 1052 805 aa.
1075 747 1201 804 1080.
1217 752 1254 802 et

623 839 747 898 ¹082·
895 837 900 849 ’

234 955 340 1020 Multo
364 957 471 1019 acrior
492 961 561 1019 erat
581 957 685 1037 priori
707 921 968 1036 ea›tempestas,⁹
995 977 1092 1038 quam
1113 959 1254 1017 lastadi-

63 1035 66 1039 Ι
122 1068 185 1127 otio
207 1067 383 1126 Comitatus
413 1065 627 1126 cemorensis
669 1061 821 1124 adversus
842 1067 1037 1141 Episcopum
1056 1066 1253 1124 Romanun-

71 1255 73 1258 ⁴
126 1173 360 1230 seutJouartem
380 1173 587 1248 suttonam,
609 1167 776 1230 Pastorem
798 1188 857 1248 pro
880 1166 984 1230 saluta
1007 1171 1119 1250 gregis
1144 1166 1196 1228 sui
1214 1167 1253 1226 ri·

124 1273 392 1359 silentiarium,
416 1294 454 1336 er
476 1275 579 1355 capite
612 1274 884 1336 matrimoniorum
905 1274 1023 1336 mixtae
1037 1272 1211 1353 religionis
1230 1291 1253 1332 a.

129 1383 222 1442 1886.
246 1385 279 1442 et
298 1380 446 1461 sequenti
467 1381 626 1442 excitavit.
649 1381 779 1442 Initium
801 1381 1039 1443 controversiae
1063 1378 1157 1442 dedit
1187 1396 1254 1458 qne-

163 1569 185 1623 lt
203 1573 396 1636 discutiantur,
416 1578 443 1623 et
461 1572 601 1623 discussae
619 1568 829 1640 promulgandae
858 1574 1056 1635 concedantur,
1076 1567 1174 1625 fideles
1193 1569 1255 1619 dioe-

166 1678 281 1716 cesanos
305 1661 427 1730 obligare
451 1654 608 1724 nequeunte
630 1666 755 1727 protinus
791 1667 984 1726 consequitur,
1019 1669 1187 1726 potestatem
1210 1658 1256 1708 cia·

163 1757 256 1821 vium,
275 1770 352 1816 quam
370 1756 512 1806 Ecclesiae
529 1760 639 1807 nostrae
670 1758 774 1808 Auctor
790 1758 865 1807 Deus
884 1756 1029 1826 Episcopis
1050 1756 1135 1818 iecit,
1154 1768 1172 1802 a
1189 1754 1255 1802 Suu·

161 1861 265 1899 urorum
278 1849 378 1898 Persae
395 1848 548 1910 Principum
559 1845 726 1910 beneplacito
750 1850 887 1911 pendere,
906 1849 996 1908 itaquo
1014 1848 1200 1897 frustraneum
1220 1858 1256 1893 es·

163 1954 213 2002 se,
240 1941 399 2002 praesertim
427 1942 497 2001 quod
517 1953 564 2002 pro
583 1940 741 2004 ,Catholicis
782 1941 951 2002 Principibus
979 1952 1088 2000 quoqne
1107 1943 1166 1988 stet
1191 1951 1256 1998 prae·

164 2032 280 2093 sumito,
304 2028 367 2081 iilos
394 2045 449 2081 non
472 2029 646 2101 temporalem
687 2034 826 2095 duntaxat,
855 2046 949 2082 verum
981 2031 1064 2083 etiam
1096 2026 1257 2092 spiritualem

162 2124 407 2185 sempiternamque
426 2121 585 2185 populorum
609 2121 722 2175 salutem
754 2111 900 2186 promotam
933 2137 1045 2186 cupere,
1069 2123 1208 2183 huiusque
1226 2121 1258 2169 oi·

165 2214 221 2271 dcii
238 2214 404 2264 conscientia
423 2217 457 2264 ad
484 2217 651 2277 disponenda
677 2217 788 2275 cuncta,
807 2229 876 2276 quae
909 2217 979 2265 hunc
997 2215 1026 2264 in
1043 2214 1142 2264 -iiuem
1171 2225 1258 2275 oppor-

165 2305 409 2368 conspiraverint,
428 2304 551 2372 obligari.
570 2305 699 2368 Alioquin
718 2309 823 2358 etiarnsi
841 2320 889 2358 eso
917 2309 1044 2357 dunmat
1068 2307 1258 2368 Episcopomn

167 2394 334 2456 Encyclicae
343 2395 454 2448 Placeto
465 2401 680 2456 substernendae
690 2401 779 2450 iorent
787 2435 796 2462 ,
804 2397 832 2449 iu'
843 2399 939 2459 quibus
948 2413 1038 2449 novae
1049 2396 1199 2450 siveclero
1208 2399 1258 2446 sire

167 2487 273 2550 Populo
300 2485 480 2567 obligationes
506 2491 725 2553 imponerentur,
752 2492 820 2540 haec
847 2492 906 2552 ipsa
933 2489 1064 2556 obligatio
1075 2491 1257 2541 necessitates

168 2582 248 2631 subin
284 2580 441 2642 importaret
477 2595 570 2632 omues
601 2584 661 2633 siue
696 2583 852 2632 discrimine
870 2581 1080 2645 OEpiscoporum
1110 2580 1257 2658 circulares

79 2734 84 2753 ἱ
168 2672 295 2736 praeviae
323 2670 449 2735 politicae
475 2675 637 2736 inspectioni
665 2675 856 2724 substernendi
871 2709 879 2735 ,
897 2688 950 2734 quo
978 2675 1125 2724 diiudicari
1164 2672 1256 2737 possit,

164 2779 198 2814 an
217 2777 271 2814 nou
290 2766 416 2822 fortassis
434 2769 545 2816 eaodem
565 2768 663 2816 novam
694 2766 840 2827 quampiam
859 2767 887 2815 in
906 2781 937 2816 se
964 2768 1126 2816 contineant
1154 2763 1258 2827 disposi-

170 2856 280 2907 tionem.
298 2881 335 2895 -
352 2858 453 2906 Horum
471 2858 522 2906 iam
552 2858 711 2906 motivorum
740 2859 956 2908 consideratione
975 2860 1049 2908 ducti
1066 2860 1137 2908 Divi
1156 2860 1255 2922 ilunga-

168 2949 224 2998 riae
242 2948 335 3013 Reges
354 2950 461 3010 publica
480 2963 585 3009 quoque
605 2960 653 3010 pro
673 2947 796 2999 libertate
816 2951 1002 2999 ecclesiastiea
1028 2951 1056 2999 in
1083 2953 1256 3003 subversauts

165 3039 261 3088 merito
284 3046 434 3101 posuerunt
452 3029 617 3103 testimonia,
637 3041 663 3089 in
681 3017 790 3104 legibus
810 3042 916 3091 Patriae
951 3046 1079 3102 nostrae,
1105 3043 1257 3108 Regunque

93 3170 96 3177 .
166 3130 293 3180 Decretis
313 3133 401 3182 obvia.
438 3132 587 3197 signanter
605 3132 634 3182 S.
653 3131 783 3194 Stephani
801 3129 948 3184 Decrelib.
966 3135 1000 3182 ll.
1022 3147 1080 3195 cap.
1101 3133 1130 3185 2.
1160 3133 1257 3183 disertis

169 3223 261 3272 verbis
281 3225 452 3273 enunciatnm
471 3221 587 3289 iegiturr
607 3223 753 3286 „Episcopi
772 3225 887 3275 habeant
913 3230 1076 3286 potestatem
1113 3241 1163 3277 res
1182 3227 1258 3276 eccle-

170 3312 294 3363 siasticas
312 3314 473 3376 providere,
492 3329 609 3378 regere,
628 3321 655 3365 et
670 3317 826 3380 gubernare
838 3322 924 3376 *atque
935 3318 1098 3378 dispensare
1120 3319 1257 3370 secundm

169 3418 300 3455 canonum
319 3403 531 3477 auctoritqtem.’‘
551 3407 616 3456 item
638 3404 796 3456 colomanni
814 3409 895 3458 Decr.
914 3405 960 3458 lib.
978 3409 1000 3458 1.
1012 3422 1072 3471 cap.
1103 3407 1157 3461 65=
1185 3408 1259 3474 „Epi-

167 3511 269 3559 scopus
297 3496 373 3549 solus
392 3498 489 3547 babeat
506 3503 666 3559 potestatem
700 3498 728 3547 in
744 3496 896 3549 Ecclesia.’'
925 3500 1006 3549 Juxta
1030 3502 1083 3550 'l'it
1117 3503 1170 3553 nt
1195 3496 1257 3552 Prol

168 3591 243 3652 Trip.
262 3586 412 3654 „statutum
431 3587 555 3640 seculare
579 3596 689 3638 conctra
715 3590 866 3640 libertatem
893 3589 1080 3642 Ecclesiarum
1114 3595 1256 3644 diuturnas

89 3687 95 3695 '
128 3750 131 3755 ¹
167 3695 218 3732 neo
237 3688 427 3745 nonstatuts,
447 3696 515 3742 quae
534 3679 647 3732 salutem
666 3682 771 3732 animae
797 3683 955 3746 respiciunt,
984 3684 1160 3736 nonvalet.'’
1179 3683 1255 3737 Etin

167 3786 268 3835 genero
292 3789 324 3826 ex
350 3773 447 3836 spiritu
470 3780 619 3833 tenoreque
636 3770 728 3839 legum
763 3780 916 3824 nostrarum
946 3774 1045 3827 videre
1072 3784 1138 3828 esta
1179 3779 1254 3840 Esse·

169 3860 302 3934 nostros,¹
324 3867 433 3926 siquas
460 3867 489 3915 iu
513 3866 631 3916 materiis
650 3879 723 3916 ruere
751 3864 935 3928 spiritualibus
960 3865 1041 3931 leges
1069 3871 1258 3925 condiderant,

65 3989 72 4002 s
174 3959 222 4004 bas
242 3958 368 4005 duntaxat
393 3957 527 4019 prioribus
556 3958 692 4007 canonicis
711 3957 896 4007 sanctionibus
916 3959 1165 4023 superinduxisse,
1183 3971 1258 4019 neque

171 4047 291 4107 proiecto
309 4048 373 4098 inde
384 4050 517 4098 scondito
528 4050 625 4115 Regno
636 4050 790 4113 Episcopus
810 4046 933 4100 libertate
953 4052 1062 4102 terendi
1080 4058 1110 4104 et
1136 4064 1259 4114 exeqsea·

172 4138 199 4188 di
217 4143 317 4187 statuta
344 4135 530 4191 ecclesiastica
557 4142 667 4203 privare
696 4139 826 4192 voluisse.
851 4167 886 4179 -·
913 4141 969 4193 Nec
986 4142 1015 4192 id
1035 4158 1087 4206 pro
1116 4133 1258 4196 adserenda

136 4279 139 4287 ,
170 4231 228 4280 iure
247 4229 427 4292 Inspectionis
447 4230 546 4283 civilis
566 4231 697 4284 Guberuii
714 4235 813 4284 intuitu
836 4231 1046 4294 Euryclicarurn
1064 4234 1258 4303 Episcopaiiu

168 4323 264 4375 adduci
286 4327 393 4387 potest,
425 4325 497 4385 quod
537 4324 722 4381 ordinationes
749 4326 948 4392 Episcopum
966 4328 994 4401 in
1022 4327 1150 4392 publicas
1178 4331 1257 4382 statas
