2798 4838
580 227 808 303 ..100-

134 376 245 456 parter
264 369 488 437 contrahentes
509 371 699 436 catholicam
722 373 861 436 omnium
879 368 1018 456 prolium
1035 371 1258 439 educationem

134 479 321 564 promittere
347 476 472 556 nolint3
510 477 553 542 ad
582 498 691 542 casum
721 484 825 541 autem
857 476 1021 542 ulterioris
1053 480 1255 561 sentiendas,

136 585 316 649 ministrnm
336 580 552 665 evangelicum
581 582 622 646 ad
644 583 841 666 peragendas
864 583 1043 666 praedictas
1072 584 1252 649 functiones

135 680 335 774 parochiales
356 689 556 754 auctorizari.
597 691 631 763 c)
659 691 760 752 Casus
783 696 1003 752 controversas
1032 689 1074 754 ad
1103 690 1249 755 rudium
1280 712 1284 773 p·

136 796 314 878 lteglnrinis
337 794 448 859 Civilia
470 814 528 877 pro
552 792 713 857 decisione
743 795 929 858 referendas
959 814 1042 859 esse.
1081 794 1121 870 d)
1144 796 1247 861 Matri·

136 900 243 966 mania
262 903 349 965 inter
379 907 501 982 partem
532 896 722 962 catholicam
753 909 786 963 et
813 902 1095 982 pontemollem,
1129 922 1245 984 quaer

135 1003 261 1070 rineula
283 1007 402 1088 prioris
424 1007 563 1088 coniugii
584 1026 644 1089 per
666 1007 856 1069 sententiam
876 1005 999 1070 iudicis
1023 1006 1130 1071 civilis
1152 1004 1243 1073 salah

137 1117 206 1193 err,
232 1110 376 1176 civiliter
395 1111 500 1175 aalide
529 1117 561 1175 et
579 1110 671 1175 liclia
692 1111 773 1174 fore.
809 1115 842 1187 e)
865 1111 977 1176 Proles
1001 1133 1111 1177 omues
1140 1114 1175 1176 in
1195 1132 1242 1177 aar
1272 1122 1284 1169 ‘a

137 1224 233 1300 atquc
254 1216 365 1281 eadem
388 1217 591 1280 confessione
613 1214 744 1280 educari
767 1217 903 1297 dehere,
924 1239 984 1301 pro
1007 1220 1067 1280 hac
1087 1239 1163 1282 vero
1183 1238 1241 1281 nor·
1272 1226 1275 1231 '

138 1342 223 1387 raam
249 1325 404 1408 praehere
424 1321 474 1385 rel
495 1320 683 1405 religionem
713 1324 782 1385 elus
811 1325 914 1405 partia
941 1325 1131 1406 coniugum,
1168 1322 1242 1388 ardu

135 1427 257 1493 familia
276 1430 320 1492 iu·
333 1429 380 1492 Μ.
397 1430 520 1491 lineato
550 1448 569 1492 a
589 1427 731 1509 longiori
751 1434 896 1511 tempore
915 1430 987 1493 lure
1009 1430 1151 1493 civitatis
1180 1450 1243 1511 gan·

135 1532 209 1616 det,
238 1532 290 1598 vel
321 1534 556 1597 confessionem
586 1534 698 1615 patris.
737 1533 769 1609 f)
795 1535 985 1598 Contractus
1015 1537 1187 1617 coniugum
1213 1534 1244 1599 dc

134 1640 338 1722 religianarla
359 1636 502 1722 prolium
525 1637 712 1703 educatione
734 1659 792 1703 neu
813 1646 886 1703 ante
907 1641 974 1704 aive
996 1647 1070 1724 post
1091 1643 1244 1705 matrina·

134 1746 340 1809 nium-initos
364 1764 435 1809 esre
456 1746 568 1809 irritas
590 1766 628 1811 ac
649 1744 817 1809 invalidos.
837 1742 901 1820 ²⁹⁶)

152 1888 155 1893 .
193 1866 196 1875 '
235 1849 396 1916 Adversus
418 1848 567 1915 Edictum
589 1848 708 1931 hocce,
737 1850 823 1932 quod
850 1852 953 1914 minna
975 1870 1133 1933 aequum,
1164 1858 1195 1916 ei
1212 1848 1243 1915 li·

133 1957 250 2020 hertati
271 1955 486 2019 conscientiae
507 1958 609 2040 partis
631 1954 808 2019 catholicae
829 1976 1029 2040 repugnans,
1050 1959 1084 2020 in
1108 1964 1244 2040 quantun
1279 2000 1282 2013 .

134 2063 165 2124 ei
186 2059 300 2141 adimit
321 2063 371 2123 ius
394 2061 480 2123 cirea
502 2061 723 2152 educationem
744 2062 881 2147 prolium
901 2064 934 2124 in
957 2062 1117 2145 religione
1139 2085 1197 2145 per
1214 2082 1242 2127 sc

134 2187 192 2250 pre
216 2166 327 2229 tutiori
349 2164 391 2228 ad
413 2164 548 2230 salutem
570 2169 678 2249 agnita
705 2170 831 2249 praevie
853 2168 1053 2250 paciscendi,
1083 2171 1156 2251 ipae
1177 2170 1243 2233 Pro·

133 2274 256 2357 testans
277 2266 415 2361 Eine-‘s
428 2278 497 2335 tua
519 2270 902 2357 Spengenhe.rg²⁹⁷)
925 2273 1094 2337 consessus
1118 2279 1183 2357 est,
1202 2272 1242 2347 rc}-

133 2363 321 2455 inort'stra'rit
347 2370 434 2453 idom
464 2362 721 2444 Vlcarlatua
751 2378 1009 2460 Fuldensia,
1048 2399 1144 2463 quem
1171 2376 1241 2463 apri

61 2478 63 2495 '
132 2465 314 2546 dilectorem
345 2468 689 2547 linaro-Casuellanum
719 2483 904 2549 Catholicae
933 2483 1101 2551 Ecclesiae
1129 2500 1238 2548 οιιιιιι

132 2594 262 2651 strenue
284 2590 389 2672 egisse
422 2587 518 2670 paulo
551 2592 699 2671 superius
729 2591 937 2654 ostendimus.
977 2592 1012 2653 ln
1034 2596 1238 2674 repraesenta·

131 2695 219 2757 tiene
240 2700 299 2758 sua
328 2693 384 2757 dd.
408 2699 457 2757 19.
475 2694 551 2757 Dec.
572 2699 663 2758 1823.
686 2695 809 2777 prolixe
840 2696 1055 2759 demontrrat:
1087 2716 1147 2780 per
1174 2694 1236 2759 ddi·
1275 2702 1284 2713 “

131 2807 216 2863 etum
239 2800 284 2864 M.
300 2800 398 2864 Ducis
421 2798 733 2865 saxa-vimariensis
753 2800 896 2865 libertati
918 2823 956 2864 ac
972 2804 1174 2865 autonomiae
1189 2802 1235 2864 Ec·

131 2903 248 2969 cleslae
277 2904 463 2970 Catholicae
491 2900 584 2968 valde
620 2905 851 2988 praejudicari,
887 2905 1027 2988 taliaque
1058 2908 1093 2970 in
1130 2928 1168 2971 en
1194 2904 1235 2969 de·

131 3011 237 3090 cerni,
261 3026 347 3092 qnae
369 3017 511 3073 etenira
533 3011 700 3093 sphaeram
722 3011 954 3075 iurisdictionis
976 3011 1129 3094 politicae
1148 3012 1237 3097 paritr
1273 3000 1284 3085 i

131 3121 226 3195 runt,
253 3122 288 3177 et
319 3117 452 3196 insuper
482 3115 615 3178 totidem
645 3114 774 3178 vulnera
804 3117 993 3199 principiis,
1032 3138 1069 3180 ac
1091 3118 1238 3181 dochinus

131 3218 298 3282 Ecclesiae
321 3220 536 3303 camptona
566 3224 660 3284 etiam
691 3220 834 3285 libertati
862 3224 1077 3312 conscientiae
1109 3220 1238 3288 cathodi·

131 3308 242 3388 corum
262 3325 428 3406 indignata
458 3327 522 3390 hnc
539 3329 727 3390 nominatim
756 3328 870 3391 referri
899 3349 967 3391 eam
996 3329 1242 3412 dispositionem,

133 3448 197 3511 qua
217 3448 325 3494 aranea
347 3439 527 3495 conuentus
550 3430 635 3495 clr'ca
657 3432 893 3515 religinnariam
920 3434 1058 3517 pralium
1087 3434 1243 3500 educatio

129 3556 202 3601 nera
223 3534 444 3616 annullanturp
475 3545 508 3601 et
528 3536 636 3620 illam,
669 3560 730 3620 qara
750 3541 911 3621 parochus
941 3541 1121 3606 catholicus
1152 3560 1249 3624 capu·

128 3639 281 3706 lationem
302 3643 336 3705 in
358 3662 397 3706 eo
420 3662 546 3726 quaque
567 3663 645 3707 casu
671 3664 824 3727 peragere
854 3648 998 3727 iubetur,
1030 3647 1106 3710 dum
1138 3648 1177 3711 de
1197 3666 1248 3709 ca·

128 3745 248 3811 thollce
268 3748 462 3813 instituenda
483 3747 659 3813 liberorum
682 3751 868 3815 educatione
896 3750 984 3817 nulla
1004 3755 1132 3835 praevia
1161 3771 1266 3837 prae*

134 4052 137 4057 ·
197 4017 265 4088 Μ)
282 4024 373 4077 tlon.
390 4023 453 4078 118.
472 4040 535 4094 pag.
552 4026 615 4080 136.
634 4054 668 4066 -
686 4029 849 4092 aupemeiae
865 4028 1098 4092 Keretenzeiuap.
1116 4027 1204 4084 188³.
1215 4025 1284 4084 Ρ·

163 4112 235 4168 960.

155 4198 159 4205 ’
199 4200 268 4271 aar)
292 4190 562 4274 masuam,
589 4210 731 4264 creauere
754 4213 911 4277 neaman,
930 4210 957 4264 ra
975 4212 1024 4266 aar
1047 4214 1180 4281 Ampor
1194 4208 1284 4260 aar-¹

161 4299 198 4350 ii.
216 4297 411 4361 Samnites·
429 4299 476 4351 ih.
494 4297 520 4354 1.
538 4314 565 4358 a.
583 4296 646 4355 111.
