2798 4838
569 261 798 333 -802-

129 408 207 472 uec
229 403 410 469 officiosum
428 424 557 486 quoqne
578 403 696 468 librum
718 405 896 487 Regimlnls
919 411 969 467 25.
1001 403 1194 468 Novembris
1224 406 1245 467 ir

128 511 232 578 lucem
252 509 412 594 publicam
434 510 555 574 editum
578 509 681 574 eidem
713 509 792 573 Sedi
818 509 1023 590 Apostollcae
1052 512 1237 574 transmisit

128 618 251 701 Regius
271 623 377 681 autem
398 610 550 682 Minister
568 621 720 699 Bursam,
741 614 892 679 Berolino
914 617 1036 696 redux,
1059 636 1120 698 ope
1153 618 1245 680 Notae

48 782 50 798 ,
130 721 185 786 dd.
210 729 259 788 17.
280 725 356 788 Dec.
379 725 508 787 Ancona
530 720 572 786 ad
596 720 798 785 Gardlnalem
820 721 930 785 Staius
953 723 1174 785 Secretarinm
1202 723 1245 783 di-

68 874 77 881 ·
128 829 245 893 missae
267 829 445 911 quaesivit:
466 850 507 892 an
529 825 692 892 Ailocutio
716 828 886 891 Pontificia
908 828 961 891 die
985 834 1034 892 10.
1066 830 1245 894 Decembris

71 965 73 970 r
127 934 238 998 habita
259 954 297 998 eo
319 954 416 999 sensu
437 934 589 998 sumenda
610 935 677 1014 sit,
699 931 786 1015 quod
808 933 957 996 Summus
978 933 1133 1001 Pontifex
1155 955 1245 1015 nego-

127 1041 209 1104 tium
229 1039 476 1122 drclsieplscopi
497 1027 701 1102 coloniensis
724 1039 861 1102 examini
883 1041 1116 1102 subiiciendum
1143 1040 1242 1102 decer-

32 1129 35 1146 ¹
127 1165 203 1210 nere
224 1142 321 1226 velit,
341 1150 398 1208 aut
418 1164 492 1209 vero
514 1145 587 1227 ipsa
608 1143 769 1210 Allocutio
786 1146 850 1208 iarn
865 1145 1037 1209 decisivam
1053 1147 1237 1230 Papaesen·

128 1252 260 1316 tentiam
281 1268 378 1332 super
399 1257 510 1315 eventu
533 1251 634 1314 hocce
655 1253 689 1313 in
711 1271 747 1314 se
769 1253 955 1315 contineat?
977 1273 1050 1314 eum
1077 1254 1111 1314 in
1142 1258 1234 1332 poste·

128 1359 216 1422 riore
238 1376 315 1421 casu
337 1357 407 1420 Rex
427 1357 600 1420 Borussiae
621 1356 825 1420 manifestum
848 1365 954 1421 actum
977 1358 1190 1440 oppositionis
1207 1359 1230 1418 in

127 1461 332 1529 Alloeutione
352 1462 525 1526 Pontificio
547 1482 677 1527 cernere
698 1462 823 1528 debeat.
845 1467 932 1545 Erga
962 1464 1077 1527 Notans
1108 1464 1236 1526 Ministri

126 1570 256 1632 Bunsen
277 1564 460 1632 Gardlnalls
483 1569 593 1633 Status
615 1570 814 1632 Secretarius
835 1571 962 1634 nomine
984 1569 1067 1632 Suae
1093 1569 1237 1631 Sanctita-

126 1675 170 1740 tis
191 1673 245 1738 dd.
268 1678 320 1737 25.
341 1675 418 1738 Dec.
442 1673 628 1756 respondit:
650 1675 813 1739 Summum
835 1675 1023 1740 Pontificem
1051 1696 1089 1737 ex
1119 1673 1239 1736 rationi-

126 1781 186 1845 bus
209 1780 407 1862 gravissimis
424 1778 606 1864 Apostolicl
628 1781 677 1842 sui
700 1776 840 1844 muneris
862 1787 968 1844 tacere
987 1780 1075 1842 haud
1095 1781 1237 1862 potuisse,

127 1884 203 1950 dum
224 1886 258 1948 in
280 1903 417 1978 persona
439 1886 683 1968 Archispiscopi
705 1884 910 1950 Coloniensis
932 1889 1003 1949 iura
1030 1884 1191 1949 Ecclesiae
1208 1887 1239 1944 et

127 1989 319 2072 dignitatem
337 1990 561 2074 Episcopalem
583 1991 787 2073 usqueadeo
811 1991 1002 2056 scandaloso
1032 1991 1130 2054 modo
1163 2009 1232 2052 con·

128 2097 274 2180 promitti
294 2096 436 2174 viderat3
459 2096 694 2161 Allocutlonem
714 2117 813 2179 porro
836 2120 900 2161 non
921 2096 1010 2161 aliud
1043 2118 1136 2177 esse,
1158 2112 1236 2178 quan

127 2199 287 2288 publlcam
309 2203 509 2267 Sanctisslmi
531 2204 637 2267 Patris
666 2205 932 2284 protestationem
959 2202 1113 2267 adversus
1145 2199 1234 2284 publi·

127 2327 199 2374 oum
221 2308 379 2373 Gubernii
401 2307 515 2374 civilis
536 2309 675 2386 factum
699 2308 861 2373 Summum
894 2311 1086 2374 Pontificem
1117 2309 1234 2388 denique

127 2434 282 2498 poscere,
304 2421 435 2480 utente
458 2417 563 2481 omnia
584 2415 857 2498 Archieplsoopus
888 2415 965 2480 Sedi
995 2436 1073 2480 suae
1102 2405 1233 2479 restitua-

127 2528 188 2586 tur·
217 2517 279 2594 ⁶⁷2)

612 2690 648 2784 p.
677 2691 762 2766 roa.

126 2854 262 2914 naevo
280 2852 439 2915 summa
456 2853 674 2914 numerasse
692 2856 746 2911 ιιι
765 2832 1009 2927 caprearum
1027 2851 1230 2913 caramen-

449 2959 496 3006 ue
514 2940 584 3005 dd.
603 2949 671 3006 88·
687 2948 783 3006 lieo.
803 2951 925 3025 1832.

74 3152 81 3171 .
131 3109 132 3112 ’
229 3103 377 3170 Redditis
407 3106 459 3170 die
482 3113 534 3171 20.
549 3109 714 3172 liecembr.
735 3112 826 3171 1837.
849 3109 978 3171 Summo
1000 3107 1154 3169 Pontifici
1172 3102 1229 3164 lite=

127 3213 214 3274 risa
236 3210 387 3292 Capitulo
419 3211 607 3277 Coloniensi
638 3213 692 3275 dd.
716 3221 766 3277 22.
783 3214 861 3277 Νοι.
885 3215 1041 3294 exaratis,
1072 3212 1160 3276 ldem
1185 3222 1230 3290 ptr

126 3317 227 3380 Breve
248 3314 289 3380 de
310 3322 362 3409 26.
377 3319 453 3381 Dec.
477 3318 628 3402 capitulo
649 3320 835 3401 respondit:
866 3321 900 3381 in
931 3340 1032 3401 eoque
1062 3315 1230 3381 admiratio-

126 3441 198 3486 nem
221 3442 310 3486 suam
333 3425 501 3510 exprimit,
522 3425 608 3506 quod
623 3424 843 3508 Capitulum,
866 3427 919 3506 qui
942 3431 1052 3488 sancto
1071 3423 1229 3487 necessitu-

126 3527 212 3593 dinis
242 3527 369 3592 sinculo
399 3530 641 3612 Archlpraesuli
668 3552 727 3595 suo
759 3532 937 3614 conjuncti,
968 3532 999 3592 vi
1028 3531 1169 3593 muneris
1191 3521 1230 3588 sul

126 3634 313 3720 adjutricem
336 3656 466 3718 operam
497 3637 528 3698 ei
558 3635 672 3700 afferre
694 3637 896 3717 debuissent,
925 3638 959 3699 in
981 3643 1182 3699 accusatores
1206 3631 1230 3690 ei

125 3741 273 3807 inimicos
295 3741 439 3806 eiusdem
460 3748 548 3805 recte
570 3763 609 3806 eo
631 3749 774 3825 tempore
803 3746 869 3807 sint
889 3743 1056 3823 conversi,
1079 3763 1142 3824 quo
1164 3739 1228 3803 iniu-

128 3851 177 3909 sta
199 3848 230 3910 ei
245 3847 361 3930 obtigit
382 3846 567 3924 calamitas3
589 3855 656 3911 tum
678 3851 711 3911 in
726 3847 839 3913 laudes
855 3850 1101 3934 Archiepiscopi
1122 3842 1226 3929 publia

127 3953 266 4015 omnium
283 3953 521 4035 ‚exisumatione
543 3952 720 4018 celebratas
750 3958 908 4037 excurrit,
937 3961 970 4018 et
990 3952 1128 4017 candide
1148 3945 1224 4037 proi-

23 4116 27 4125 .
127 4063 231 4122 tetura
261 4060 417 4124 rationem
439 4060 573 4142 agendi,
596 4082 690 4143 quam
713 4062 895 4143 Capitulum
917 4061 1042 4142 tenuit,
1070 4059 1134 4124 sibl
1152 4069 1221 4140 pror·

129 4185 376 4202 m

198 4248 264 4316 572)
282 4252 346 4306 Vid.
376 4255 552 4306 Uriosdlicte
567 4255 738 4316 Darotetluop
756 4256 804 4307 der
828 4255 989 4307 maeoseu
1006 4259 1056 4306 sto.
1083 4245 1151 4314 (not.
1167 4232 1218 4299 siti

161 4360 221 4408 pop.
238 4342 397 4399 aso-229.
