2798 4838
570 298 621 311 ...
646 258 723 329 406
748 297 800 310 ..

128 427 223 488 vero,
246 405 332 487 quod
355 407 500 488 quaestio
522 405 602 466 haec
624 402 664 465 de
686 408 778 465 matr.
800 403 907 464 mixtis
941 403 985 464 stt
1015 400 1248 483 disciplinaris,
1274 480 1276 485 y

129 533 198 576 eam
219 512 345 594 legibus
367 520 494 591 qaoque
516 509 663 572 civilibus
694 510 857 588 auhjacere
880 506 1055 571 concludit.
1087 506 1248 570 Conditio·

129 639 201 681 nem
233 618 272 679 de
303 615 519 696 promittenda
556 614 682 697 praevie
703 612 862 691 catholiea
888 612 1029 695 prolium
1067 611 1248 676 educatione

129 723 237 787 reiicit
258 729 416 802 tamquam
438 720 557 800 talem,
580 740 660 801 quae
683 740 701 780 a
724 721 914 799 coniugibus
935 719 1182 801 protestanticis
1200 716 1247 778 de-

132 827 274 908 sideret,
297 833 332 889 ut
353 829 504 910 propriae
528 847 605 889 suae
625 825 818 887 convictioni
837 826 1040 906 renunciant,
1073 823 1249 888 Ecclesiae·

133 954 194 1015 que
225 931 413 996 Catholicae
448 935 555 1015 potius
597 952 689 1012 quam
719 950 795 992 suae
821 930 1027 994 Confessioni
1063 929 1186 993 faciam
1205 949 1247 990 aa·

134 1040 187 1103 fig·
213 1035 275 1112 789)
294 1056 296 1061 ·

238 1149 310 1206 266.
335 1145 514 1207 Adocucioa
530 1144 561 1204 α’
578 1163 625 1204 een
640 1151 819 1221 protectore
841 1138 864 1203 ἀ
888 1161 940 1203 see
963 1143 1247 1218 co-reuqtonnmo

136 1244 208 1312 etd
234 1259 307 1312 tuos
329 1254 375 1311 les
387 1269 464 1328 qens
485 1246 601 1310 censes.
630 1254 795 1325 Minerva,
823 1253 875 1309 oin
889 1252 1032 1308 Journal
1048 1249 1245 1308 historischen
1284 1308 1286 1315 ,

92 1420 94 1427 ,
135 1361 205 1416 aad
216 1359 404 1433 pouuschen
421 1357 554 1416 Inhalcs.
572 1360 666 1416 Jeno.
684 1359 786 1415 1838.
801 1357 820 1414 1
824 1357 857 1414 V.
874 1357 912 1414 B.
927 1374 960 1430 p.
987 1357 1180 1420 Mur-624.
1204 1369 1244 1412 to-

139 1461 206 1522 cies
229 1481 305 1523 suae
321 1460 533 1522 confessionis
548 1457 724 1540 alloquitur
746 1460 868 1520 Auctor
893 1476 1089 1538 anonymus,
1113 1463 1146 1518 et
1168 1456 1243 1518 rehe-

134 1567 233 1628 menti
251 1567 410 1646 nimisque
429 1568 497 1628 acrl
512 1565 596 1647 stylo
612 1567 644 1626 iu
661 1566 884 1626 Pontificatum
906 1561 1074 1625 Ecclesiae
1089 1561 1242 1635 invehitur,

136 1671 294 1751 Allppum
311 1670 536 1733 Coloniensem
553 1671 600 1732 uti
614 1672 775 1751 periurum
792 1679 824 1731 et
839 1669 1062 1731 refractarium
1080 1666 1240 1730 Praelatun

139 1774 314 1856 describit,
337 1779 492 1839 beneficia
508 1776 762 1839 Reformationis
779 1775 849 1839 See.
867 1774 951 1838 xvi.
985 1772 1135 1851 extollit,
1158 1788 1239 1833 eamn

138 1881 270 1949 brachio
294 1880 431 1946 seculari
447 1883 605 1945 mediante
624 1881 803 1944 continuari
820 1888 915 1960 atque
939 1879 980 1941 ad
1003 1881 1101 1955 tinem
1128 1875 1236 1959 perduoi

142 1984 313 2052 desiderat.

628 2200 663 2292 §-
689 2201 777 2270 211.

142 2423 346 2485 Auctor-cu
364 2422 567 2480 catholici
586 2437 637 2479 ex
662 2422 810 2480 codena
836 2436 971 2490 nmmo,
993 2420 1071 2492 qut
1095 2420 1189 2491 put
1206 2411 1238 2470 ll·
1283 2389 1286 2403 ¹

391 2515 517 2571 hrum
534 2513 725 2572 (thur-euti
744 2514 1022 2586 seripserunt.
1284 2501 1286 2521 ¹

1284 2622 1286 2652 l

246 2700 319 2756 267.
350 2695 378 2757 J.
408 2694 492 2757 ΕΙ]
512 2717 564 2757 en
583 2695 723 2776 dori,
753 2701 981 2772 Beurtheiluuy
1002 2702 1062 2757 der
1083 2693 1240 2756 uentrem
1284 2722 1286 2759 ι

144 2802 368 2876 Stantsschre'ft
388 2809 458 2862 und
477 2809 535 2863 der
556 2805 745 2864 Allocutton.
777 2796 1170 2889 Rudolstadt.1838.⁷⁹⁰)
1190 2792 1239 2856 vitio

145 2907 241 2967 vertit
263 2907 379 2991 Curiae
401 2907 582 2985 Romanae,
614 2907 700 2993 qrrod
730 2909 762 2968 in
794 2908 923 2989 Scripto
955 2906 1099 2968 eiusdem
1124 2904 1241 2967 officioso

145 3012 180 3070 in
203 3030 298 3072 causa
321 3011 509 3074 Coloniensi
538 3013 624 3074 edito
656 3014 747 3073 unice
771 3013 986 3074 controversia
1017 3011 1059 3073 de
1080 3019 1173 3073 matr.
1192 3004 1243 3070 mlt-

148 3114 191 3174 tis
214 3124 486 3178 commemoretur.
517 3121 631 3180 Cetera
661 3118 786 3180 adserta
816 3119 965 3180 Auctoris
996 3118 1094 3179 huius
1126 3124 1244 3178 revoeut

149 3214 229 3279 lieet
250 3220 291 3281 ad
313 3224 495 3301 sequentia:
527 3224 612 3302 quod
633 3221 722 3302 leges
745 3223 855 3285 civiles
885 3222 925 3283 de
947 3230 1039 3284 matr.
1062 3225 1171 3285 mixtis
1197 3226 1245 3280 tuit

52 3356 57 3365 ·
146 3328 268 3385 tantum
291 3345 465 3406 repugnare
487 3332 613 3408 possint
633 3328 798 3390 llcelesiae
816 3327 1022 3406 Catholicae,
1046 3330 1074 3388 si
1095 3329 1200 3389 Status
1213 3317 1245 3382 ll

149 3428 224 3491 silis
248 3431 429 3512 desideret,
452 3440 487 3494 ut
516 3454 623 3496 omnes
655 3433 762 3516 proles
791 3436 823 3494 in
848 3433 1060 3496 Confessione
1089 3435 1246 3495 Proteus

149 3537 213 3598 tica
237 3528 427 3618 educentur,
449 3541 595 3618 partique
618 3539 864 3619 protestanticae
886 3538 991 3620 proles
1015 3536 1175 3600 catholice
1196 3531 1246 3596 edt-

153 3663 225 3704 care
247 3645 437 3723 prohibeat3
464 3646 542 3705 item
565 3643 650 3724 quod
671 3643 819 3705 Ecclesia
840 3645 1078 3706 Protestantica
1108 3643 1180 3723 pari
1202 3641 1246 3701 tore

154 3734 290 3844 gaudeat
311 3771 347 3811 ac
370 3747 556 3831 Catholica,
585 3750 722 3828 hincque
744 3748 874 3810 tolerari
895 3756 1051 3830 nequeat,
1083 3757 1120 3811 ut
1140 3749 1210 3810 haee
1224 3756 1245 3801 tt

222 3937 287 4002 789)
307 3942 505 3992 Recensiones=
526 3944 613 4005 theol,
631 3942 688 3992 Lat.
707 3942 772 3991 hlott
789 3954 838 3989 zur
855 3945 915 4002 olto.
935 3942 969 3992 K.
990 3944 1023 3991 Ζ.
1043 3938 1136 3992 1838.
1153 3953 1178 3997 n.
1195 3927 1244 3985 887·

63 4082 68 4091 ,
188 4057 225 4067 -
245 4030 422 4092 Gdttr‘nos'sehe
438 4036 552 4098 oelehrte
568 4034 712 4094 arrersao.
730 4029 821 4082 1838.
840 4047 865 4090 o.
885 4029 958 4083 636.
978 4029 1049 4083 649.
1063 4060 1100 4071 ·-
1113 4023 1243 4082 110οι06

188 4121 326 4179 politische
352 4124 454 4173 Bllc‘ner
477 4125 523 4182 fair
548 4126 597 4173 doe
623 4127 694 4174 toth.
719 4126 852 4176 Deoncal.
880 4121 921 4176 ΙΙ.
940 4127 973 4176 Β.
990 4139 1016 4183 n.
1037 4123 1104 4178 170.
1123 4107 1240 4175 56616·

188 4214 220 4266 Β.
240 4225 267 4270 r.
285 4208 357 4265 736.

225 4297 293 4365 790)
312 4306 345 4354 ci.
365 4298 388 4368 0.
406 4303 468 4360 206.
486 4305 536 4361 uo.
554 4305 615 4361 216.
