2782 4830
670 257 900 330 -sen-
1003 196 1007 203 ⁵

221 406 319 468 mixta
340 403 477 486 praeviis
498 400 680 484 Encyclicis
709 408 741 465 et
763 403 1032 465 instructionibus
1055 399 1247 466 Praesulnm
1266 410 1339 468 bon·

221 511 419 593 prehensam.
442 509 585 570 Praeivit
605 511 721 571 ceteris
738 506 917 572 Comitatus
940 509 1226 589 Ριιιιίιιιί,
1248 511 1339 589 quiin

221 617 302 679 (len.
325 616 583 695 Congregatione
604 611 728 675 ultimis
750 616 869 675 mensis
891 615 1028 693 Augusti
1049 619 1144 677 1840.
1169 614 1282 677 diebus
1298 635 1340 678 as·

221 723 348 784 servata
371 720 533 783 l'arocbos
556 716 762 796 catholicos,
795 720 849 797 quvi
871 724 962 781 matr.
985 721 1085 782 mixta
1107 721 1263 782 hactenus
1285 723 1342 783 usi·

222 833 290 889 tato
312 827 377 888 ritu
399 844 596 905 nequaquam
619 824 863 901 benedicerent,
885 823 1093 886 fundamento
1115 846 1174 905 eo,
1199 826 1342 906 quodvis

182 976 185 983 -
223 939 353 1013 agentes
384 929 555 992 articulum
582 927 824 1010 religionarium
847 935 898 991 26.
930 950 959 991 a.
980 925 1095 1005 179‘71.
1126 939 1224 994 matr.
1245 933 1341 995 mixtis

221 1035 313 1100 nullo
335 1039 394 1097 snb
416 1041 581 1118 praetextu
602 1035 829 1115 impedimenta
849 1037 927 1116 poni
936 1035 1160 1099 decernentem
1178 1037 1340 1115 violarent,

221 1145 256 1205 in
279 1160 406 1205 causam
428 1143 545 1204 Actore
568 1141 664 1202 Fisco
678 1139 922 1226 ,Magistratuali
945 1141 1175 1221 attrabendor,
1199 1151 1233 1204 et
1255 1144 1341 1223 siqui·

224 1247 297 1310 dem
326 1247 464 1310 l'nrochi
493 1246 749 1309 benedictionem
784 1255 877 1309 matr.
905 1247 1012 1308 mixtis
1043 1248 1234 1327 impendere
1263 1268 1341 1309 recu-

93 1345 101 1371 ‘
223 1359 349 1431 santes,
370 1327 577 1415 siticulovmve
599 1360 805 1414 memoratum
835 1346 994 1430 a.179⁰(1.
1017 1351 1177 1415 violantes
1207 1351 1273 1434 legi
1300 1373 1342 1414 re-

221 1457 411 1539 ligionariae
433 1476 504 1519 sese
527 1457 648 1519 diserte
684 1465 864 1540 opponant,
896 1458 1025 1520 eosdem
1055 1457 1156 1519 ductu
1187 1460 1279 1520 art-ic.
1301 1462 1340 1519 li.

222 1584 252 1627 a.
274 1567 365 1624 1647.
376 1582 480 1644 poena
502 1543 727 1626 mentones
750 1565 877 1644 ¹quoties
900 1563 1169 1625 desumendoruvn
1191 1564 1340 1625 mulctan-

222 1667 282 1730 dos
314 1667 554 1747 determinavit,
587 1668 757 1751 Appellata
794 1672 834 1731 ab
865 1669 1050 1730 huiusmodi
1080 1672 1246 1731 sententia
1277 1689 1342 1730 non·

119 1758 125 1769 *⁵
221 1775 286 1837 nisi
308 1773 348 1836 ad
371 1775 475 1854 Regni
497 1775 636 1836 Comitia
663 1774 869 1836 admissa·
895 1772 1026 1836 insolito
1059 1775 1122 1835 hoc
1155 1777 1268 1854 vigore
1289 1776 1343 1836 Go-

221 1881 352 1941 rnitatus
375 1880 550 1942 l'estiensis
578 1898 678 1960 aeque
701 1900 737 1941 ac
759 1878 948 1961 illegalitate
972 1879 1254 1943 determinationis
1282 1900 1343 1960 per·

222 1993 328 2047 motus
362 1985 573 2066 Princeps
607 1986 941 2066 Regnl.l'rimas
970 1986 1107 2064 primum
1140 1985 1229 2047 datis
1254 1986 1343 2049 diet.

224 2090 385 2172 Septemb.
411 2096 503 2153 1840.
525 2091 566 2153 ιι
589 2092 754 2152 ιιιΙιιιιιι
778 2092 939 2153 ΡιιοιΙιοι
970 2110 1047 2152 scios
1067 2064 1177 2153 liter’is
1212 2111 1268 2154 eos
1289 2099 1343 2152 ιιι

223 2192 263 2256 ιι
284 2193 475 2276 illegalitate
498 2196 774 2258 determinationis
804 2197 841 2259 (i.
866 2197 1061 2274 Pestiensis,
1089 2204 1160 2258 tum
1191 2197 1236 2258 de
1266 2214 1342 2278 prae·

222 2296 355 2382 postera
374 2299 457 2380 legis
480 2304 554 2363 anni
579 2291 672 2364 ι’647.
703 2303 745 2363 ad
767 2308 964 2383 praesentem
996 2322 1103 2363 casvvm
1135 2301 1342 2383 adplicatione

222 2409 352 2468 uberius
375 2406 527 2485 edocuit,
556 2414 651 2487 atque
674 2414 804 2488 paterne
826 2408 971 2470 bortatur
996 2392 1076 2484 est,
1097 2428 1138 2469 ne
1160 2415 1251 2469 metu
1280 2384 1346 2490 poe-⁹

222 2533 282 2575 nae
312 2514 513 2575 aconitum
543 2515 715 2574 intentatae
744 2511 905 2594 aregulis
937 2515 1147 2592 principiisve
1178 2514 1337 2575 catholicin

223 2618 434 2700 divellantur,
464 2620 527 2679 imo
561 2621 613 2680 bis
644 2621 735 2681 firma
764 2620 944 2680 constantia
975 2617 1185 2680 adhaerendo
1212 2638 1338 2700 compro-

220 2728 297 2787 bare
320 2731 482 2805 satagant,
515 2745 550 2786 ea
572 2726 654 2801 ipsis
686 2745 762 2804 prae
791 2723 988 2804 quibuslibet
1015 2723 1116 2785 lucris
1146 2725 1201 2786 vel
1232 2726 1337 2788 damnis

100 2841 106 2855 '
223 2826 348 2913 potiora
372 2851 443 2892 esse
468 2829 564 2906 ¹⁰⁶²);
596 2812 668 2892 dein
697 2833 813 2892 reflexe
845 2831 884 2892 ad
907 2831 1126 2892 transmissam
1161 2834 1227 2894 sibi
1249 2854 1266 2893 a
1288 2833 1337 2891 Co·

222 2938 334 2998 mitatu
358 2936 653 2998 determinationem
677 2944 902 3014 memoratam,
925 2936 978 2997 dd.
1005 2937 1241 2998 imitaremini.
1262 2941 1337 2998 1840.

223 3043 264 3104 ad
287 3044 395 3104 Status
419 3048 451 3103 ct
473 3043 612 3104 Ordines
636 3043 814 3104 Comitatus
844 3042 939 3102 istius
971 3043 1198 3103 memorabiles
1233 3043 1339 3104 dimisit

221 3146 354 3208 literas:
376 3149 409 3209 in
431 3149 536 3228 iisque
559 3147 755 3209 solidissime
786 3148 896 3225 evicit,
929 3148 1231 3209 determinationem
1264 3168 1338 3229 prae-

221 3252 302 3313 viam
327 3253 505 3314 Comitatus
536 3250 634 3333 legali
662 3253 887 3314 consistentiae
910 3251 1085 3313 Ecclesiae
1100 3254 1289 3316 Catholicae
1313 3254 1337 3312 Ιι

222 3354 388 3438 Hungaria
418 3378 539 3418 summe
569 3341 750 3438 adversari,
781 3364 811 3418 et
843 3357 1074 3419 benedictionis
1116 3361 1149 3419 in
1184 3360 1336 3421 connubiis

221 3466 329 3527 mixtis
359 3463 668 3526 administrationem
691 3456 917 3545 Legislatiouis
949 3461 1052 3524 civilis
1084 3462 1248 3545 objectum
1274 3485 1336 3525 con-

220 3573 354 3633 stituere
376 3571 461 3632 haud
485 3591 599 3651 posse3
630 3572 663 3632 in
685 3571 800 3632 horum
829 3572 936 3649 itaque
968 3589 1048 3630 nexu
1071 3568 1260 3633 solennibus
1281 3589 1335 3630 ver-

222 3678 271 3738 bis
294 3678 461 3755 professus
485 3684 552 3756 est,
574 3676 829 3738 iurisdictionem
853 3677 1032 3737 Comitatus
1062 3677 1172 3755 quoad
1195 3679 1334 3739 Personas

223 3779 469 3844 Ecclesiasticas
497 3784 530 3844 in
553 3783 689 3864 sphaera
712 3782 763 3843 sui
796 3782 899 3843 oflicii
927 3783 1005 3842 item
1035 3783 1068 3840 in
1093 3800 1147 3842 res
1182 3783 1332 3864 religiosas

222 3906 260 3947 ac
281 3886 466 3967 spirituales
488 3908 557 3952 ase
579 3909 639 3969 pro
662 3887 760 3969 legali
783 3891 915 3969 agnosci
935 3908 998 3950 non
1022 3908 1142 3968 posse,
1168 3889 1226 3950 scd
1248 3888 1333 3949 eidem

291 4160 375 4224 1062)
393 4165 443 4213 itio
454 4180 479 4215 n.
510 4166 570 4216 376.
589 4181 649 4233 pag.
668 4165 728 4216 734.
