2798 4838
666 289 716 305 ·-
741 251 818 323 572
846 287 897 302 -

224 398 346 463 veniam
368 399 509 479 ortensi,
539 378 625 461 circa
656 401 748 459 matr.
770 395 887 458 mixtae
908 392 1075 476 religionis
1104 396 1222 479 magna
1253 417 1344 461 reru·

223 505 391 569 conversio
414 505 562 567 instituta
583 502 657 566 luit.
679 503 714 565 ln
737 521 776 564 eo
797 501 946 563 nimirum
966 507 1191 565 Reversoic'um
1222 501 1262 565 de
1283 523 1344 585 pro·

223 609 310 673 libus
333 611 499 691 utriusque
527 629 621 695 sexus
656 607 815 672 catholice
846 605 1021 670 educandis
1049 628 1128 671 usus
1160 629 1221 692 pro
1251 609 1345 671 futuro

224 714 390 795 sublatus,
421 735 459 778 ac
488 735 549 777 una
577 716 679 778 instar
704 733 843 795 ,normae
874 702 937 774 lio'o
967 715 1002 774 in
1033 716 1150 776 merito
1173 722 1345 777 constanter

227 819 443 885 observandae
461 823 670 883 constitutum
684 826 756 883 esta
777 821 895 901 sustitit
913 825 1034 900 patrio,
1056 823 1144 896 litiae
1165 827 1284 884 macria
1302 841 1345 883 re·

225 932 372 1006 eqoacm
401 938 580 1008 sequautur
609 923 697 1000 ¹⁰⁸⁹).
736 926 909 1007 Rescripto
948 931 1054 988 autem
1081 925 1189 989 altero
1231 926 1285 988 dd.
1306 931 1344 988 20.

226 1036 307 1115 Aug.
333 1038 425 1096 1783.
457 1031 499 1096 ad
521 1033 715 1094 Gubernium
738 1031 870 1094 Trauos.
904 1029 1037 1094 dimisso
1069 1030 1158 1094 idem
1182 1033 1345 1116 Imperator

227 1140 386 1202 decrerit:
409 1147 444 1201 rit
465 1135 731 1221 proclamationes
755 1136 883 1218 quidem
918 1157 1111 1220 sponsorum
1135 1137 1288 1201 diversae
1306 1158 1345 1199 re·

225 1244 357 1327 ligionis
383 1251 529 1325 iamper
551 1241 723 1326 parochum
746 1240 959 1323 catholicum,
983 1262 1076 1324 quam
1098 1242 1287 1307 ministrum
1311 1242 1346 1306 al·

226 1353 328 1414 terius
351 1351 583 1428 confessionis,
612 1346 775 1432 copulatio
805 1355 908 1411 tamen
938 1356 1065 1428 semper
1093 1368 1153 1431 per
1184 1351 1347 1432 parochun

121 1458 124 1463 '
227 1454 421 1520 catholicum
443 1458 649 1519 instituatura
677 1453 787 1537 proles
808 1474 884 1517 vero
906 1474 964 1537 per
984 1455 1172 1523 Ministrum
1196 1455 1288 1518 iliius
1306 1475 1347 1517 re·

225 1561 360 1645 ligionis
398 1559 617 1643 bdptisentur,
657 1562 690 1623 in
719 1581 781 1642 qua
817 1562 904 1623 iuxta
935 1562 1104 1624 Decretum
1135 1558 1348 1624 Tolerantiale

227 1669 356 1732 educari
381 1668 497 1730 debent
517 1665 607 1741 ¹⁰⁹⁰).
624 1698 666 1710 -
688 1667 771 1729 Utut
791 1673 897 1730 autern
919 1689 976 1750 per
997 1668 1173 1730 Caesarem
1197 1689 1277 1730 usus
1296 1669 1349 1728 lie·

226 1774 398 1838 sersalium
420 1777 591 1856 abrogatus
613 1773 733 1836 fuerit:
748 1775 894 1837 ‚testibus
916 1780 1021 1836 tamen
1043 1773 1252 1836 Protocollis
1268 1775 1349 1836 Dioc-

161 1916 163 1921 =
223 1872 353 1944 ¹cesanis
376 1883 433 1943 sub
454 1881 558 1962 ipsius
581 1881 715 1961 iosephi
745 1881 901 1960 regimine
930 1881 1132 1942 matrimonia
1165 1882 1268 1942 mixta
1294 1879 1350 1940 lere

226 2005 355 2068 semper
384 1987 512 2048 nonnisi
544 1989 675 2048 obtento
698 1988 833 2068 praevio·
849 1984 1035 2067 Episcopali
1065 1985 1201 2048 indultu
1233 1993 1266 2049 et
1292 2004 1352 2047 cun

165 2168 168 2172 ι
228 2090 457 2155 Reversalibus
487 2093 776 2172 contrahebantur,
807 2111 865 2171 per
903 2093 974 2172 ipsa
1005 2092 1192 2154 Dicasteria
1225 2092 1353 2154 Politice

228 2199 426 2261 sustentatis.
450 2196 506 2281 id,
538 2197 625 2279 quod
648 2199 767 2280 insigni
799 2196 871 2261 zelo
901 2218 1034 2277 magnac
1064 2199 1245 2261 momoriae
1268 2200 1353 2260 Prac-

228 2301 309 2366 sulis
339 2303 504 2385 ignatii
535 2306 719 2367 comitis
749 2325 768 2366 a
800 2303 1018 2384 Batthyan
1048 2304 1279 2366 tribuendum:
1309 2303 1355 2384 qui

228 2427 290 2490 ope
319 2412 546 2472 Ιιιιινιιιιίοιιίι
573 2409 615 2473 ad
645 2411 782 2473 curatos
827 2409 879 2472 dd.
907 2414 958 2473 81.
983 2411 1057 2472 Deo.
1089 2415 1189 2473 1781.
1221 2409 1354 2490 adeoque

227 2534 301 2577 mox
321 2521 397 2596 post
420 2517 587 2578 Decretum
609 2515 828 2578 'l'olerantialc
858 2514 1009 2578 dimissae
1036 2522 1147 2598 partes
1182 2517 1288 2578 officii
1309 2535 1354 2578 eo·

227 2622 371 2684 rumdom
393 2623 477 2683 circa
501 2643 636 2704 sponsos
658 2623 773 2685 mixtae
798 2620 984 2702 religionis,
1006 2624 1083 2683 item
1107 2623 1284 2701 genuinam
1301 2624 1353 2684 Ec-

228 2727 348 2790 clesiae
374 2727 561 2790 Catholicae
592 2731 690 2789 mixta
714 2728 871 2790 eiusmodi
902 2729 1057 2788 connubia
1087 2736 1283 2790 constanter
1310 2748 1352 2788 re·

227 2835 394 2915 probantis
428 2833 605 2896 doctrinam
634 2835 761 2915 egregie
793 2834 957 2912 exposuit,
987 2833 1107 2894 diserte
1142 2855 1209 2896 una
1243 2833 1352 2896 consti·

228 2946 339 3003 tuens:
378 2946 414 3002 ut
449 2940 649 3003 matrimonia
688 2940 785 3001 mixta
824 2939 963 3025 Parochi
999 2939 1130 3020 propria
1169 2943 1353 3003 auctoritate

226 3065 397 3124 numquam
420 3044 588 3127 copulent,
620 3044 678 3108 sed
700 3048 827 3126 praevie
859 3065 985 3126 semper
1015 3044 1054 3106 ad
1079 3045 1284 3126 Episcopum
1311 3065 1350 3106 re·

227 3150 332 3212 lerant
355 3149 445 3224 ¹⁰⁹¹).
466 3182 508 3196 -·
539 3155 788 3232 Quantacunque
823 3152 1030 3213 nihilominus
1068 3151 1176 3213 fuerit
1207 3152 1353 3234 Episcopi

227 3262 260 3317 et
282 3257 498 3318 Parochorum
529 3257 715 3338 vigilantia:
738 3258 893 3339 impedire
923 3279 987 3319 non
1021 3258 1150 3337 potuit,
1182 3264 1219 3319 ut
1243 3268 1275 3320 et
1296 3257 1350 3317 ire-

228 3363 357 3444 quentia
379 3363 536 3424 inirentur
564 3364 661 3425 mixta
692 3362 856 3443 coniugia,
890 3370 921 3426 et
948 3363 1064 3425 iisdem
1095 3363 1250 3427 Ministri
1283 3381 1349 3444 quo·

227 3489 287 3549 que
316 3466 499 3531 Acatholiei
529 3467 739 3548 adsisterent,
769 3489 987 3550 personasque
1020 3467 1237 3549 copularent3
1269 3469 1347 3544 adeo,

159 3568 162 3573 ⁴
226 3582 262 3638 ut
283 3573 432 3656 querelae
456 3574 672 3636 Parochorum
696 3575 735 3635 de
758 3582 911 3655 usurpata
940 3594 997 3656 per
1018 3577 1197 3640 Ministros
1221 3576 1348 3640 Acatho-

226 3681 308 3744 licos
330 3680 556 3743 iurisdictione
580 3681 756 3759 parochiali
779 3681 819 3742 ad
838 3683 1035 3760 Episcopum
1059 3702 1118 3761 pro
1140 3682 1271 3746 medela
1292 3699 1347 3743 sae

226 3788 300 3868 pius
331 3785 552 3849 deferrentur:
593 3786 861 3865 quemadmodum
900 3807 916 3847 e
945 3786 1050 3849 literis
1089 3798 1255 3872 apparet,
1284 3804 1344 3868 quas

228 3895 459 3954 Connstorium
487 3894 568 3955 Albo
599 3897 804 3956 Coroliucuoc
835 3892 888 3954 dd.
923 3899 973 3955 11.
997 3894 1075 3956 Dec.
1108 3901 1211 3962 1782.
1248 3894 1347 3960 intuitu

227 4065 472 4081 m

298 4146 730 4231 mmmmmm

298 4248 382 4314 1090)
401 4255 451 4304 Μο
463 4269 488 4303 ιι.
507 4255 567 4306 383.
587 4271 649 4322 pag.
669 4257 729 4306 762.

298 4341 381 4407 1091)
400 4347 489 4396 Μοιι.
508 4346 567 4400 884.
588 4363 649 4413 pag.
669 4349 729 4402 763.
