<?xml version="1.0" encoding="UTF-8"?>
<!DOCTYPE html PUBLIC "-//W3C//DTD XHTML 1.0 Transitional//EN"
    "http://www.w3.org/TR/xhtml1/DTD/xhtml1-transitional.dtd">
<html xmlns="http://www.w3.org/1999/xhtml" xml:lang="en" lang="en">
 <head>
  <title>
</title>
<meta http-equiv="Content-Type" content="text/html;charset=utf-8" />
  <meta name='ocr-system' content='tesseract 3.04.00' />
  <meta name='ocr-capabilities' content='ocr_page ocr_carea ocr_par ocr_line ocrx_word'/>
</head>
<body>
  <div class='ocr_page' id='page_1' title='image "./dematrimoniismi01roskgoog_0572.png"; bbox 0 0 2798 4838; ppageno 0'>
   <div class='ocr_carea' id='block_1_1' title="bbox 576 272 804 348">
    <p class='ocr_par' dir='ltr' id='par_1_1' title="bbox 576 272 804 348">
     <span class='ocr_line' id='line_1_1' title="bbox 576 272 804 348; baseline -0.004 -18"><span class='ocrx_word' id='word_1_1' title='bbox 576 272 804 348; x_wconf 69' lang='lat'><strong>..545-</strong></span> 
     </span>
    </p>
   </div>
   <div class='ocr_carea' id='block_1_2' title="bbox 129 418 1255 602">
    <p class='ocr_par' dir='ltr' id='par_1_2' title="bbox 129 418 1255 602">
     <span class='ocr_line' id='line_1_2' title="bbox 129 418 1255 500; baseline -0.007 -11"><span class='ocrx_word' id='word_1_2' title='bbox 129 425 165 490; x_wconf 85' lang='lat' dir='ltr'><strong>la</strong></span> <span class='ocrx_word' id='word_1_3' title='bbox 185 427 278 488; x_wconf 86' lang='lat' dir='ltr'><strong>unice</strong></span> <span class='ocrx_word' id='word_1_4' title='bbox 299 425 332 486; x_wconf 90' lang='lat' dir='ltr'><strong>ln</strong></span> <span class='ocrx_word' id='word_1_5' title='bbox 354 428 446 487; x_wconf 88' lang='lat' dir='ltr'><strong>matr.</strong></span> <span class='ocrx_word' id='word_1_6' title='bbox 467 423 638 485; x_wconf 82' lang='lat' dir='ltr'><strong>mixtorum</strong></span> <span class='ocrx_word' id='word_1_7' title='bbox 661 418 874 483; x_wconf 70' lang='lat' dir='ltr'><strong>celebratione</strong></span> <span class='ocrx_word' id='word_1_8' title='bbox 906 438 1116 500; x_wconf 79' lang='lat' dir='ltr'><strong>processuros</strong></span> <span class='ocrx_word' id='word_1_9' title='bbox 1148 418 1255 484; x_wconf 77' lang='lat' dir='ltr'><strong>decla·</strong></span> 
     </span>
     <span class='ocr_line' id='line_1_3' title="bbox 130 525 760 602; baseline -0.006 -7"><span class='ocrx_word' id='word_1_10' title='bbox 130 539 252 597; x_wconf 77' lang='lat' dir='ltr'><strong>rerunt.</strong></span> <span class='ocrx_word' id='word_1_11' title='bbox 281 525 357 602; x_wconf 71' lang='lat'><strong>¹⁰⁴⁷)</strong></span> <span class='ocrx_word' id='word_1_12' title='bbox 464 526 467 533; x_wconf 71' lang='lat'>&#39;</span> <span class='ocrx_word' id='word_1_13' title='bbox 743 528 760 546; x_wconf 89' lang='lat'><strong>&#39;&#39;</strong></span> 
     </span>
    </p>
   </div>
   <div class='ocr_carea' id='block_1_3' title="bbox 574 674 821 696">
    <p class='ocr_par' dir='ltr' id='par_1_3' title="bbox 574 674 821 696">
     <span class='ocr_line' id='line_1_4' title="bbox 574 674 821 696; baseline -0.008 -2"><span class='ocrx_word' id='word_1_14' title='bbox 574 674 821 696; x_wconf 42' lang='lat' dir='ltr'><strong>w*-</strong></span> 
     </span>
    </p>
   </div>
   <div class='ocr_carea' id='block_1_4' title="bbox 135 893 1260 1009">
    <p class='ocr_par' dir='ltr' id='par_1_4' title="bbox 135 893 1260 1009">
     <span class='ocr_line' id='line_1_5' title="bbox 135 893 1260 1009; baseline -0.008 -31"><span class='ocrx_word' id='word_1_15' title='bbox 135 908 172 978; x_wconf 82' lang='lat'><strong>2.</strong></span> <span class='ocrx_word' id='word_1_16' title='bbox 192 898 363 979; x_wconf 81' lang='lat' dir='ltr'>Historia</span> <span class='ocrx_word' id='word_1_17' title='bbox 379 922 528 1009; x_wconf 82' lang='lat' dir='ltr'><strong>eorum,</strong></span> <span class='ocrx_word' id='word_1_18' title='bbox 554 921 648 996; x_wconf 82' lang='lat' dir='ltr'><strong>quaa</strong></span> <span class='ocrx_word' id='word_1_19' title='bbox 669 893 792 997; x_wconf 84' lang='lat' dir='ltr'><strong>quoad</strong></span> <span class='ocrx_word' id='word_1_20' title='bbox 807 904 910 1007; x_wconf 79' lang='lat' dir='ltr'><strong>matr.</strong></span> <span class='ocrx_word' id='word_1_21' title='bbox 938 902 1050 971; x_wconf 78' lang='lat' dir='ltr'><strong>urixta</strong></span> <span class='ocrx_word' id='word_1_22' title='bbox 1074 896 1110 971; x_wconf 90' lang='lat' dir='ltr'><strong>iu</strong></span> <span class='ocrx_word' id='word_1_23' title='bbox 1138 894 1260 974; x_wconf 83' lang='lat' dir='ltr'><strong>Comi-</strong></span> 
     </span>
    </p>
   </div>
   <div class='ocr_carea' id='block_1_5' title="bbox 471 1025 926 1170">
    <p class='ocr_par' dir='ltr' id='par_1_5' title="bbox 471 1025 926 1170">
     <span class='ocr_line' id='line_1_6' title="bbox 471 1025 926 1170; baseline -0.002 -35"><span class='ocrx_word' id='word_1_24' title='bbox 471 1056 542 1139; x_wconf 79' lang='lat' dir='ltr'><strong>iiis‘</strong></span> <span class='ocrx_word' id='word_1_25' title='bbox 556 1087 588 1137; x_wconf 87' lang='lat' dir='ltr'><strong>a.</strong></span> <span class='ocrx_word' id='word_1_26' title='bbox 608 1025 704 1170; x_wconf 52' lang='lat'><strong>183.</strong></span> <span class='ocrx_word' id='word_1_27' title='bbox 720 1070 806 1139; x_wconf 79' lang='lat' dir='ltr'><strong>anta</strong></span> <span class='ocrx_word' id='word_1_28' title='bbox 831 1071 926 1136; x_wconf 89' lang='lat' dir='ltr'><strong>sunt.</strong></span> 
     </span>
    </p>
   </div>
   <div class='ocr_carea' id='block_1_6' title="bbox 566 1318 778 1480">
    <p class='ocr_par' dir='ltr' id='par_1_6' title="bbox 566 1318 778 1480">
     <span class='ocr_line' id='line_1_7' title="bbox 566 1318 778 1480; baseline 0.014 -85"><span class='ocrx_word' id='word_1_29' title='bbox 566 1429 584 1480; x_wconf 57' lang='lat'><strong>9</strong></span> <span class='ocrx_word' id='word_1_30' title='bbox 624 1318 662 1417; x_wconf 81' lang='lat'><strong>§-</strong></span> <span class='ocrx_word' id='word_1_31' title='bbox 690 1323 778 1397; x_wconf 79' lang='lat' dir='ltr'><strong>aro</strong></span> 
     </span>
    </p>
   </div>
   <div class='ocr_carea' id='block_1_7' title="bbox 136 1430 1264 1573">
    <p class='ocr_par' dir='ltr' id='par_1_7' title="bbox 136 1430 1264 1573">
     <span class='ocr_line' id='line_1_8' title="bbox 136 1430 1264 1573; baseline -0.004 -25"><span class='ocrx_word' id='word_1_32' title='bbox 136 1492 191 1548; x_wconf 80' lang='lat' dir='ltr'><strong>ln</strong></span> <span class='ocrx_word' id='word_1_33' title='bbox 214 1485 402 1546; x_wconf 67' lang='lat' dir='ltr'><strong>conutit-</strong></span> <span class='ocrx_word' id='word_1_34' title='bbox 427 1498 466 1544; x_wconf 73' lang='grc' dir='ltr'><strong>ι.</strong></span> <span class='ocrx_word' id='word_1_35' title='bbox 495 1430 596 1573; x_wconf 70' lang='lat' dir='ltr'><strong>¹⁸l&#39;0&#39;·</strong></span> <span class='ocrx_word' id='word_1_36' title='bbox 625 1483 822 1555; x_wconf 72' lang='lat' dir='ltr'><strong>quaerero</strong></span> <span class='ocrx_word' id='word_1_37' title='bbox 869 1485 920 1539; x_wconf 77' lang='lat' dir='ltr'><strong>do</strong></span> <span class='ocrx_word' id='word_1_38' title='bbox 953 1488 1078 1540; x_wconf 73' lang='lat' dir='ltr'><strong>maor.</strong></span> <span class='ocrx_word' id='word_1_39' title='bbox 1120 1464 1264 1544; x_wconf 75' lang='lat' dir='ltr'><strong>innixtta</strong></span> 
     </span>
    </p>
   </div>
   <div class='ocr_carea' id='block_1_8' title="bbox 137 1582 1272 2209">
    <p class='ocr_par' dir='ltr' id='par_1_8' title="bbox 137 1582 1272 2209">
     <span class='ocr_line' id='line_1_9' title="bbox 137 1582 1270 1660; baseline 0 -16"><span class='ocrx_word' id='word_1_40' title='bbox 137 1589 282 1644; x_wconf 74' lang='lat' dir='ltr'><strong>denuo</strong></span> <span class='ocrx_word' id='word_1_41' title='bbox 300 1589 504 1660; x_wconf 71' lang='lat' dir='ltr'><strong>assumta,</strong></span> <span class='ocrx_word' id='word_1_42' title='bbox 528 1590 571 1642; x_wconf 81' lang='lat' dir='ltr'><strong>et</strong></span> <span class='ocrx_word' id='word_1_43' title='bbox 588 1599 639 1642; x_wconf 82' lang='lat' dir='ltr'><strong>ex</strong></span> <span class='ocrx_word' id='word_1_44' title='bbox 656 1582 863 1643; x_wconf 76' lang='lat' dir='ltr'><strong>incidenti</strong></span> <span class='ocrx_word' id='word_1_45' title='bbox 880 1584 1270 1644; x_wconf 63' lang='lat' dir='ltr'><strong>nocentissimorum</strong></span> 
     </span>
     <span class='ocr_line' id='line_1_10' title="bbox 138 1675 1268 1747; baseline -0.005 -11"><span class='ocrx_word' id='word_1_46' title='bbox 138 1684 368 1737; x_wconf 80' lang='lat' dir='ltr'><strong>eventuum</strong></span> <span class='ocrx_word' id='word_1_47' title='bbox 396 1693 493 1735; x_wconf 81' lang='lat' dir='ltr'><strong>cum</strong></span> <span class='ocrx_word' id='word_1_48' title='bbox 523 1677 571 1734; x_wconf 82' lang='lat' dir='ltr'><strong>ira</strong></span> <span class='ocrx_word' id='word_1_49' title='bbox 597 1675 822 1745; x_wconf 69' lang='lat' dir='ltr'><strong>Borrama,</strong></span> <span class='ocrx_word' id='word_1_50' title='bbox 856 1679 949 1731; x_wconf 81' lang='lat' dir='ltr'><strong>tum</strong></span> <span class='ocrx_word' id='word_1_51' title='bbox 982 1676 1105 1747; x_wconf 79' lang='lat' dir='ltr'><strong>alibi,</strong></span> <span class='ocrx_word' id='word_1_52' title='bbox 1142 1685 1184 1735; x_wconf 81' lang='lat' dir='ltr'><strong>ct</strong></span> <span class='ocrx_word' id='word_1_53' title='bbox 1210 1679 1268 1736; x_wconf 74' lang='lat' dir='ltr'><strong>ui.</strong></span> 
     </span>
     <span class='ocr_line' id='line_1_11' title="bbox 141 1768 1272 1841; baseline 0 -11"><span class='ocrx_word' id='word_1_54' title='bbox 141 1775 326 1841; x_wconf 63' lang='lat' dir='ltr'><strong>:nanter-</strong></span> <span class='ocrx_word' id='word_1_55' title='bbox 344 1769 390 1825; x_wconf 83' lang='lat' dir='ltr'><strong>in</strong></span> <span class='ocrx_word' id='word_1_56' title='bbox 399 1769 622 1828; x_wconf 74' lang='lat' dir='ltr'><strong>nonnullis</strong></span> <span class='ocrx_word' id='word_1_57' title='bbox 638 1768 887 1838; x_wconf 56' lang='lat' dir='ltr'><strong>Eurotas-lac</strong></span> <span class='ocrx_word' id='word_1_58' title='bbox 897 1781 1067 1839; x_wconf 77' lang='lat' dir='ltr'><strong>quoque</strong></span> <span class='ocrx_word' id='word_1_59' title='bbox 1075 1771 1272 1838; x_wconf 73' lang='lat' dir='ltr'><strong>parribus</strong></span> 
     </span>
     <span class='ocr_line' id='line_1_12' title="bbox 139 1860 1270 1935; baseline -0.001 -14"><span class='ocrx_word' id='word_1_60' title='bbox 139 1876 237 1923; x_wconf 70' lang='lat' dir='ltr'><strong>noso</strong></span> <span class='ocrx_word' id='word_1_61' title='bbox 261 1861 544 1918; x_wconf 75' lang='lat' dir='ltr'><strong>revolventium</strong></span> <span class='ocrx_word' id='word_1_62' title='bbox 570 1860 744 1934; x_wconf 73' lang='lat' dir='ltr'><strong>praalon-i,</strong></span> <span class='ocrx_word' id='word_1_63' title='bbox 773 1875 901 1929; x_wconf 74' lang='lat' dir='ltr'><strong>quam</strong></span> <span class='ocrx_word' id='word_1_64' title='bbox 924 1874 1115 1929; x_wconf 78' lang='lat' dir='ltr'><strong>unquam</strong></span> <span class='ocrx_word' id='word_1_65' title='bbox 1140 1863 1270 1935; x_wconf 73' lang='lat' dir='ltr'><strong>alias,</strong></span> 
     </span>
     <span class='ocr_line' id='line_1_13' title="bbox 140 1951 1272 2037; baseline 0.002 -25"><span class='ocrx_word' id='word_1_66' title='bbox 140 1955 385 2037; x_wconf 59' lang='lat' dir='ltr'><strong>animuin-um</strong></span> <span class='ocrx_word' id='word_1_67' title='bbox 430 1953 702 2010; x_wconf 80' lang='lat' dir='ltr'><strong>contentione</strong></span> <span class='ocrx_word' id='word_1_68' title='bbox 743 1951 923 2020; x_wconf 67' lang='lat' dir='ltr'><strong>agitata,</strong></span> <span class='ocrx_word' id='word_1_69' title='bbox 964 1955 1092 2026; x_wconf 70' lang='lat' dir='ltr'><strong>atque</strong></span> <span class='ocrx_word' id='word_1_70' title='bbox 1129 1960 1272 2024; x_wconf 74' lang='lat' dir='ltr'><strong>quoae!</strong></span> 
     </span>
     <span class='ocr_line' id='line_1_14' title="bbox 140 2037 1272 2120; baseline 0.003 -17"><span class='ocrx_word' id='word_1_71' title='bbox 140 2047 372 2120; x_wconf 73' lang='lat' dir='ltr'><strong>quaepiam</strong></span> <span class='ocrx_word' id='word_1_72' title='bbox 390 2048 548 2116; x_wconf 77' lang='lat' dir='ltr'><strong>puncta</strong></span> <span class='ocrx_word' id='word_1_73' title='bbox 573 2040 744 2103; x_wconf 72' lang='lat' dir='ltr'><strong>coniitia</strong></span> <span class='ocrx_word' id='word_1_74' title='bbox 764 2043 893 2100; x_wconf 80' lang='lat' dir='ltr'><strong>etiam</strong></span> <span class='ocrx_word' id='word_1_75' title='bbox 919 2037 1034 2101; x_wconf 84' lang='lat' dir='ltr'><strong>inter</strong></span> <span class='ocrx_word' id='word_1_76' title='bbox 1061 2044 1168 2103; x_wconf 78' lang='lat' dir='ltr'><strong>daras</strong></span> <span class='ocrx_word' id='word_1_77' title='bbox 1194 2052 1272 2106; x_wconf 73' lang='lat' dir='ltr'><strong>Ta·</strong></span> 
     </span>
     <span class='ocr_line' id='line_1_15' title="bbox 139 2135 1271 2209; baseline 0.001 -11"><span class='ocrx_word' id='word_1_78' title='bbox 139 2140 288 2209; x_wconf 71' lang='lat' dir='ltr'><strong>bulas,</strong></span> <span class='ocrx_word' id='word_1_79' title='bbox 300 2138 496 2194; x_wconf 63' lang='lat' dir='ltr'><strong>sormam</strong></span> <span class='ocrx_word' id='word_1_80' title='bbox 513 2135 669 2208; x_wconf 73' lang='lat' dir='ltr'><strong>qnippe</strong></span> <span class='ocrx_word' id='word_1_81' title='bbox 683 2147 731 2192; x_wconf 71' lang='lat' dir='ltr'><strong>aa</strong></span> <span class='ocrx_word' id='word_1_82' title='bbox 743 2135 976 2193; x_wconf 80' lang='lat' dir='ltr'><strong>Procerum</strong></span> <span class='ocrx_word' id='word_1_83' title='bbox 984 2139 1157 2195; x_wconf 71' lang='lat' dir='ltr'><strong>obtenta</strong></span> <span class='ocrx_word' id='word_1_84' title='bbox 1173 2137 1271 2199; x_wconf 72' lang='lat' dir='ltr'><strong>Mt.</strong></span> 
     </span>
    </p>
   </div>
   <div class='ocr_carea' id='block_1_9' title="bbox 145 2296 1296 3538">
    <p class='ocr_par' dir='ltr' id='par_1_9' title="bbox 145 2296 1296 3538">
     <span class='ocr_line' id='line_1_16' title="bbox 249 2296 1273 2384; baseline 0.004 -24"><span class='ocrx_word' id='word_1_85' title='bbox 249 2300 285 2368; x_wconf 90' lang='lat' dir='ltr'><strong>in</strong></span> <span class='ocrx_word' id='word_1_86' title='bbox 306 2298 456 2360; x_wconf 78' lang='lat' dir='ltr'><strong>Comitiis</strong></span> <span class='ocrx_word' id='word_1_87' title='bbox 479 2298 603 2379; x_wconf 72' lang='lat' dir='ltr'><strong>Regni,</strong></span> <span class='ocrx_word' id='word_1_88' title='bbox 627 2317 707 2384; x_wconf 85' lang='lat' dir='ltr'><strong>quae</strong></span> <span class='ocrx_word' id='word_1_89' title='bbox 728 2297 771 2360; x_wconf 84' lang='lat' dir='ltr'><strong>ad</strong></span> <span class='ocrx_word' id='word_1_90' title='bbox 793 2296 876 2360; x_wconf 83' lang='lat' dir='ltr'><strong>diem</strong></span> <span class='ocrx_word' id='word_1_91' title='bbox 906 2305 936 2360; x_wconf 78' lang='lat'><strong>2.</strong></span> <span class='ocrx_word' id='word_1_92' title='bbox 967 2298 1062 2379; x_wconf 87' lang='lat' dir='ltr'><strong>Junii.</strong></span> <span class='ocrx_word' id='word_1_93' title='bbox 1093 2304 1184 2363; x_wconf 88' lang='grc'><strong>1839.</strong></span> <span class='ocrx_word' id='word_1_94' title='bbox 1208 2303 1273 2364; x_wconf 85' lang='grc' dir='ltr'><strong>Ρο-</strong></span> 
     </span>
     <span class='ocr_line' id='line_1_17' title="bbox 145 2403 1274 2488; baseline 0 -18"><span class='ocrx_word' id='word_1_95' title='bbox 145 2405 272 2471; x_wconf 80' lang='lat' dir='ltr'><strong>aonium</strong></span> <span class='ocrx_word' id='word_1_96' title='bbox 293 2403 432 2482; x_wconf 85' lang='lat' dir='ltr'><strong>indicta,</strong></span> <span class='ocrx_word' id='word_1_97' title='bbox 455 2411 488 2465; x_wconf 89' lang='lat' dir='ltr'><strong>ot</strong></span> <span class='ocrx_word' id='word_1_98' title='bbox 517 2423 617 2484; x_wconf 87' lang='lat' dir='ltr'><strong>usque</strong></span> <span class='ocrx_word' id='word_1_99' title='bbox 651 2411 700 2467; x_wconf 82' lang='lat'><strong>12.</strong></span> <span class='ocrx_word' id='word_1_100' title='bbox 731 2404 822 2465; x_wconf 87' lang='lat' dir='ltr'><strong>Maii.</strong></span> <span class='ocrx_word' id='word_1_101' title='bbox 855 2407 947 2468; x_wconf 86' lang='grc'><strong>1840.</strong></span> <span class='ocrx_word' id='word_1_102' title='bbox 977 2403 1136 2467; x_wconf 84' lang='lat' dir='ltr'><strong>celebrata</strong></span> <span class='ocrx_word' id='word_1_103' title='bbox 1166 2407 1274 2488; x_wconf 86' lang='lat' dir='ltr'><strong>fuere,</strong></span> 
     </span>
     <span class='ocr_line' id='line_1_18' title="bbox 147 2509 1274 2589; baseline -0.001 -13"><span class='ocrx_word' id='word_1_104' title='bbox 147 2510 250 2577; x_wconf 88' lang='lat' dir='ltr'><strong>multa</strong></span> <span class='ocrx_word' id='word_1_105' title='bbox 271 2515 343 2573; x_wconf 90' lang='lat' dir='ltr'><strong>acta</strong></span> <span class='ocrx_word' id='word_1_106' title='bbox 366 2516 458 2571; x_wconf 73' lang='lat' dir='ltr'><strong>sunta</strong></span> <span class='ocrx_word' id='word_1_107' title='bbox 482 2510 618 2589; x_wconf 89' lang='lat' dir='ltr'><strong>quaein</strong></span> <span class='ocrx_word' id='word_1_108' title='bbox 640 2509 776 2571; x_wconf 85' lang='lat' dir='ltr'><strong>historia</strong></span> <span class='ocrx_word' id='word_1_109' title='bbox 800 2510 1072 2570; x_wconf 84' lang='lat' dir='ltr'><strong>matrimoniorum</strong></span> <span class='ocrx_word' id='word_1_110' title='bbox 1103 2513 1274 2575; x_wconf 82' lang='lat' dir='ltr'><strong>mixtorum</strong></span> 
     </span>
     <span class='ocr_line' id='line_1_19' title="bbox 147 2611 1277 2693; baseline -0.001 -13"><span class='ocrx_word' id='word_1_111' title='bbox 147 2617 242 2680; x_wconf 79' lang='lat' dir='ltr'><strong>valole</strong></span> <span class='ocrx_word' id='word_1_112' title='bbox 264 2613 439 2679; x_wconf 83' lang='lat' dir='ltr'><strong>notabilem</strong></span> <span class='ocrx_word' id='word_1_113' title='bbox 462 2611 569 2675; x_wconf 88' lang='lat' dir='ltr'><strong>locum</strong></span> <span class='ocrx_word' id='word_1_114' title='bbox 596 2620 763 2693; x_wconf 87' lang='lat' dir='ltr'><strong>occupant.</strong></span> <span class='ocrx_word' id='word_1_115' title='bbox 796 2612 920 2674; x_wconf 82' lang='lat' dir='ltr'><strong>Tabula</strong></span> <span class='ocrx_word' id='word_1_116' title='bbox 949 2615 1096 2676; x_wconf 90' lang='lat' dir='ltr'><strong>nimirum</strong></span> <span class='ocrx_word' id='word_1_117' title='bbox 1125 2623 1277 2680; x_wconf 77' lang='lat' dir='ltr'><strong>Scotorum</strong></span> 
     </span>
     <span class='ocr_line' id='line_1_20' title="bbox 148 2712 1296 2800; baseline -0.007 -14"><span class='ocrx_word' id='word_1_118' title='bbox 148 2742 189 2787; x_wconf 74' lang='lat' dir='ltr'><strong>ao</strong></span> <span class='ocrx_word' id='word_1_119' title='bbox 207 2726 364 2785; x_wconf 78' lang='lat' dir='ltr'><strong>ordinum</strong></span> <span class='ocrx_word' id='word_1_120' title='bbox 385 2721 508 2800; x_wconf 76' lang='lat' dir='ltr'><strong>Regni,</strong></span> <span class='ocrx_word' id='word_1_121' title='bbox 529 2720 692 2800; x_wconf 78' lang='lat' dir='ltr'><strong>negotium</strong></span> <span class='ocrx_word' id='word_1_122' title='bbox 714 2717 900 2797; x_wconf 80' lang='lat' dir='ltr'><strong>religionis,</strong></span> <span class='ocrx_word' id='word_1_123' title='bbox 925 2725 956 2778; x_wconf 90' lang='lat' dir='ltr'><strong>et</strong></span> <span class='ocrx_word' id='word_1_124' title='bbox 978 2721 1147 2797; x_wconf 81' lang='lat' dir='ltr'><strong>speciatim</strong></span> <span class='ocrx_word' id='word_1_125' title='bbox 1179 2712 1296 2785; x_wconf 67' lang='lat' dir='ltr'><strong>meri.</strong></span> 
     </span>
     <span class='ocr_line' id='line_1_21' title="bbox 149 2822 1277 2907; baseline 0 -16"><span class='ocrx_word' id='word_1_126' title='bbox 149 2836 220 2892; x_wconf 86' lang='lat' dir='ltr'><strong>tum</strong></span> <span class='ocrx_word' id='word_1_127' title='bbox 253 2846 380 2907; x_wconf 86' lang='lat' dir='ltr'><strong>quoque</strong></span> <span class='ocrx_word' id='word_1_128' title='bbox 410 2826 526 2887; x_wconf 78' lang='lat' dir='ltr'><strong>mixtae</strong></span> <span class='ocrx_word' id='word_1_129' title='bbox 565 2822 732 2904; x_wconf 79' lang='lat' dir='ltr'><strong>religionis</strong></span> <span class='ocrx_word' id='word_1_130' title='bbox 762 2823 1011 2903; x_wconf 77' lang='lat' dir='ltr'><strong>connubiorum,</strong></span> <span class='ocrx_word' id='word_1_131' title='bbox 1043 2826 1075 2886; x_wconf 91' lang='lat' dir='ltr'><strong>iu</strong></span> <span class='ocrx_word' id='word_1_132' title='bbox 1111 2829 1277 2907; x_wconf 72' lang='lat' dir='ltr'><strong>prioribus</strong></span> 
     </span>
     <span class='ocr_line' id='line_1_22' title="bbox 151 2927 1278 3012; baseline -0.002 -15"><span class='ocrx_word' id='word_1_133' title='bbox 151 2934 217 2997; x_wconf 87' lang='lat' dir='ltr'><strong>lam</strong></span> <span class='ocrx_word' id='word_1_134' title='bbox 239 2933 383 3010; x_wconf 86' lang='lat' dir='ltr'><strong>Diaetis,</strong></span> <span class='ocrx_word' id='word_1_135' title='bbox 407 2933 577 3012; x_wconf 87' lang='lat' dir='ltr'><strong>praecipue</strong></span> <span class='ocrx_word' id='word_1_136' title='bbox 600 2932 633 2990; x_wconf 91' lang='lat' dir='ltr'><strong>in</strong></span> <span class='ocrx_word' id='word_1_137' title='bbox 664 2935 825 3011; x_wconf 85' lang='lat' dir='ltr'><strong>postrema</strong></span> <span class='ocrx_word' id='word_1_138' title='bbox 856 2929 895 2990; x_wconf 80' lang='lat' dir='ltr'><strong>tle</strong></span> <span class='ocrx_word' id='word_1_139' title='bbox 927 2949 977 2991; x_wconf 90' lang='lat' dir='ltr'><strong>au.</strong></span> <span class='ocrx_word' id='word_1_140' title='bbox 1008 2927 1121 3006; x_wconf 62' lang='lat' dir='ltr'><strong>183²J5.</strong></span> <span class='ocrx_word' id='word_1_141' title='bbox 1153 2932 1278 2995; x_wconf 87' lang='lat' dir='ltr'><strong>discus·</strong></span> 
     </span>
     <span class='ocr_line' id='line_1_23' title="bbox 153 3033 1279 3118; baseline 0.001 -16"><span class='ocrx_word' id='word_1_142' title='bbox 153 3060 245 3118; x_wconf 81' lang='lat' dir='ltr'><strong>sum,</strong></span> <span class='ocrx_word' id='word_1_143' title='bbox 274 3036 332 3099; x_wconf 84' lang='lat' dir='ltr'><strong>sed</strong></span> <span class='ocrx_word' id='word_1_144' title='bbox 363 3039 403 3099; x_wconf 93' lang='lat' dir='ltr'><strong>ob</strong></span> <span class='ocrx_word' id='word_1_145' title='bbox 440 3056 504 3098; x_wconf 85' lang='lat' dir='ltr'><strong>non</strong></span> <span class='ocrx_word' id='word_1_146' title='bbox 532 3041 673 3099; x_wconf 84' lang='lat' dir='ltr'><strong>secutam</strong></span> <span class='ocrx_word' id='word_1_147' title='bbox 709 3037 792 3096; x_wconf 88' lang='lat' dir='ltr'><strong>inter</strong></span> <span class='ocrx_word' id='word_1_148' title='bbox 823 3034 901 3095; x_wconf 88' lang='lat' dir='ltr'><strong>duas</strong></span> <span class='ocrx_word' id='word_1_149' title='bbox 942 3033 1103 3114; x_wconf 83' lang='lat' dir='ltr'><strong>Tabulas,</strong></span> <span class='ocrx_word' id='word_1_150' title='bbox 1132 3038 1279 3103; x_wconf 89' lang='lat' dir='ltr'><strong>Statuum</strong></span> 
     </span>
     <span class='ocr_line' id='line_1_24' title="bbox 154 3138 1281 3227; baseline 0.002 -21"><span class='ocrx_word' id='word_1_151' title='bbox 154 3146 277 3227; x_wconf 86' lang='lat' dir='ltr'><strong>quippe</strong></span> <span class='ocrx_word' id='word_1_152' title='bbox 300 3151 333 3205; x_wconf 90' lang='lat' dir='ltr'><strong>et</strong></span> <span class='ocrx_word' id='word_1_153' title='bbox 353 3143 547 3222; x_wconf 73' lang='lat' dir='ltr'><strong>Procerum,</strong></span> <span class='ocrx_word' id='word_1_154' title='bbox 569 3138 794 3218; x_wconf 87' lang='lat' dir='ltr'><strong>coalitionem‚</strong></span> <span class='ocrx_word' id='word_1_155' title='bbox 818 3140 991 3220; x_wconf 89' lang='lat' dir='ltr'><strong>sepositum</strong></span> <span class='ocrx_word' id='word_1_156' title='bbox 1015 3140 1119 3204; x_wconf 80' lang='lat' dir='ltr'><strong>denuo</strong></span> <span class='ocrx_word' id='word_1_157' title='bbox 1140 3145 1174 3206; x_wconf 90' lang='lat' dir='ltr'><strong>in</strong></span> <span class='ocrx_word' id='word_1_158' title='bbox 1204 3164 1281 3226; x_wconf 87' lang='lat' dir='ltr'><strong>per·</strong></span> 
     </span>
     <span class='ocr_line' id='line_1_25' title="bbox 155 3245 1280 3326; baseline 0 -13"><span class='ocrx_word' id='word_1_159' title='bbox 155 3251 379 3313; x_wconf 87' lang='lat' dir='ltr'><strong>tractationem</strong></span> <span class='ocrx_word' id='word_1_160' title='bbox 401 3245 770 3325; x_wconf 81' lang='lat' dir='ltr'><strong>Diaetalem&#39;assumsit,</strong></span> <span class='ocrx_word' id='word_1_161' title='bbox 792 3253 888 3326; x_wconf 88' lang='lat' dir='ltr'><strong>atque</strong></span> <span class='ocrx_word' id='word_1_162' title='bbox 919 3266 936 3307; x_wconf 91' lang='lat' dir='ltr'><strong>e</strong></span> <span class='ocrx_word' id='word_1_163' title='bbox 968 3247 1120 3309; x_wconf 90' lang='lat' dir='ltr'><strong>Sessione</strong></span> <span class='ocrx_word' id='word_1_164' title='bbox 1151 3255 1200 3312; x_wconf 77' lang='lat'><strong>56.</strong></span> <span class='ocrx_word' id='word_1_165' title='bbox 1225 3250 1280 3313; x_wconf 72' lang='lat' dir='ltr'><strong>«iio</strong></span> 
     </span>
     <span class='ocr_line' id='line_1_26' title="bbox 157 3351 1281 3435; baseline -0.002 -16"><span class='ocrx_word' id='word_1_166' title='bbox 157 3361 190 3419; x_wconf 83' lang='grc'><strong>9.</strong></span> <span class='ocrx_word' id='word_1_167' title='bbox 220 3354 371 3416; x_wconf 88' lang='lat' dir='ltr'><strong>Novemb.</strong></span> <span class='ocrx_word' id='word_1_168' title='bbox 401 3356 494 3416; x_wconf 87' lang='grc'><strong>1839.</strong></span> <span class='ocrx_word' id='word_1_169' title='bbox 524 3352 683 3414; x_wconf 82' lang='lat' dir='ltr'><strong>celebrata</strong></span> <span class='ocrx_word' id='word_1_170' title='bbox 713 3372 776 3413; x_wconf 91' lang='lat' dir='ltr'><strong>non</strong></span> <span class='ocrx_word' id='word_1_171' title='bbox 807 3358 928 3412; x_wconf 86' lang='lat' dir='ltr'><strong>tantum</strong></span> <span class='ocrx_word' id='word_1_172' title='bbox 957 3351 1169 3416; x_wconf 77' lang='lat' dir='ltr'><strong>sublationem</strong></span> <span class='ocrx_word' id='word_1_173' title='bbox 1200 3376 1281 3435; x_wconf 92' lang='lat' dir='ltr'><strong>quo-</strong></span> 
     </span>
     <span class='ocr_line' id='line_1_27' title="bbox 157 3457 1280 3538; baseline 0 -14"><span class='ocrx_word' id='word_1_174' title='bbox 157 3459 312 3524; x_wconf 88' lang='lat' dir='ltr'><strong>rumlibet</strong></span> <span class='ocrx_word' id='word_1_175' title='bbox 357 3460 572 3538; x_wconf 80' lang='lat' dir='ltr'><strong>gravaminum</strong></span> <span class='ocrx_word' id='word_1_176' title='bbox 608 3457 916 3536; x_wconf 80' lang='lat' dir='ltr'><strong>religiosariorum‚</strong></span> <span class='ocrx_word' id='word_1_177' title='bbox 954 3461 1136 3537; x_wconf 86' lang='lat' dir='ltr'><strong>cumprimis</strong></span> <span class='ocrx_word' id='word_1_178' title='bbox 1175 3468 1280 3524; x_wconf 86' lang='lat' dir='ltr'><strong>autem</strong></span> 
     </span>
    </p>
   </div>
   <div class='ocr_carea' id='block_1_10' title="bbox 160 3545 1395 3646">
    <p class='ocr_par' dir='ltr' id='par_1_10' title="bbox 160 3545 1395 3646">
     <span class='ocr_line' id='line_1_28' title="bbox 160 3545 1395 3646; baseline -0.002 -16"><span class='ocrx_word' id='word_1_179' title='bbox 160 3565 369 3630; x_wconf 90' lang='lat' dir='ltr'><strong>abolitionem</strong></span> <span class='ocrx_word' id='word_1_180' title='bbox 391 3545 610 3626; x_wconf 77' lang='lat' dir='ltr'><strong>Reversaliuln</strong></span> <span class='ocrx_word' id='word_1_181' title='bbox 640 3562 679 3624; x_wconf 83' lang='lat' dir='ltr'><strong>de</strong></span> <span class='ocrx_word' id='word_1_182' title='bbox 710 3562 897 3623; x_wconf 83' lang='lat' dir='ltr'><strong>educatione</strong></span> <span class='ocrx_word' id='word_1_183' title='bbox 924 3561 1083 3626; x_wconf 87' lang='lat' dir='ltr'><strong>catholica</strong></span> <span class='ocrx_word' id='word_1_184' title='bbox 1116 3566 1282 3646; x_wconf 78' lang='lat' dir='ltr'><strong>utriunque</strong></span> <span class='ocrx_word' id='word_1_185' title='bbox 1390 3595 1395 3601; x_wconf 94' lang='lat'>·</span> 
     </span>
    </p>
   </div>
   <div class='ocr_carea' id='block_1_11' title="bbox 160 3668 1321 3860">
    <p class='ocr_par' dir='ltr' id='par_1_11' title="bbox 160 3668 1321 3860">
     <span class='ocr_line' id='line_1_29' title="bbox 161 3668 1282 3748; baseline 0 -13"><span class='ocrx_word' id='word_1_186' title='bbox 161 3672 256 3735; x_wconf 76' lang='lat' dir='ltr'><strong>serus</strong></span> <span class='ocrx_word' id='word_1_187' title='bbox 279 3669 419 3747; x_wconf 80' lang='lat' dir='ltr'><strong>prolium</strong></span> <span class='ocrx_word' id='word_1_188' title='bbox 441 3691 458 3732; x_wconf 95' lang='lat' dir='ltr'><strong>e</strong></span> <span class='ocrx_word' id='word_1_189' title='bbox 482 3669 648 3732; x_wconf 89' lang='lat' dir='ltr'><strong>connubiis</strong></span> <span class='ocrx_word' id='word_1_190' title='bbox 671 3668 776 3729; x_wconf 77' lang='lat' dir='ltr'><strong>mixtis</strong></span> <span class='ocrx_word' id='word_1_191' title='bbox 807 3668 984 3748; x_wconf 76' lang='lat' dir='ltr'><strong>genitarum</strong></span> <span class='ocrx_word' id='word_1_192' title='bbox 1014 3669 1099 3748; x_wconf 81' lang='lat' dir='ltr'><strong>apud</strong></span> <span class='ocrx_word' id='word_1_193' title='bbox 1126 3670 1282 3736; x_wconf 88' lang='lat' dir='ltr'><strong>Proccres</strong></span> 
     </span>
     <span class='ocr_line' id='line_1_30' title="bbox 160 3772 1321 3860; baseline 0 -21"><span class='ocrx_word' id='word_1_194' title='bbox 160 3782 310 3860; x_wconf 88' lang='lat' dir='ltr'><strong>potenter</strong></span> <span class='ocrx_word' id='word_1_195' title='bbox 331 3776 430 3854; x_wconf 89' lang='lat' dir='ltr'><strong>ursit,</strong></span> <span class='ocrx_word' id='word_1_196' title='bbox 453 3795 561 3837; x_wconf 86' lang='lat' dir='ltr'><strong>verum</strong></span> <span class='ocrx_word' id='word_1_197' title='bbox 582 3775 616 3836; x_wconf 95' lang='lat' dir='ltr'><strong>in</strong></span> <span class='ocrx_word' id='word_1_198' title='bbox 638 3775 745 3855; x_wconf 89' lang='lat' dir='ltr'><strong>specie</strong></span> <span class='ocrx_word' id='word_1_199' title='bbox 767 3772 802 3834; x_wconf 79' lang='lat' dir='ltr'><strong>ici</strong></span> <span class='ocrx_word' id='word_1_200' title='bbox 825 3774 920 3834; x_wconf 89' lang='lat' dir='ltr'><strong>etiam</strong></span> <span class='ocrx_word' id='word_1_201' title='bbox 941 3776 1130 3854; x_wconf 79' lang='lat' dir='ltr'><strong>proposuit:</strong></span> <span class='ocrx_word' id='word_1_202' title='bbox 1154 3786 1192 3840; x_wconf 80' lang='lat' dir='ltr'><strong>oc</strong></span> <span class='ocrx_word' id='word_1_203' title='bbox 1210 3797 1283 3839; x_wconf 85' lang='lat' dir='ltr'><strong>mo·</strong></span> <span class='ocrx_word' id='word_1_204' title='bbox 1318 3804 1321 3812; x_wconf 96' lang='lat'>·</span> 
     </span>
    </p>
   </div>
   <div class='ocr_carea' id='block_1_12' title="bbox 165 3902 411 3918">
    <p class='ocr_par' dir='ltr' id='par_1_12' title="bbox 165 3902 411 3918">
     <span class='ocr_line' id='line_1_31' title="bbox 165 3902 411 3918; baseline -0.008 -1"><span class='ocrx_word' id='word_1_205' title='bbox 165 3902 411 3918; x_wconf 51' lang='lat' dir='ltr'><strong>m</strong></span> 
     </span>
    </p>
   </div>
   <div class='ocr_carea' id='block_1_13' title="bbox 200 3963 1335 4411">
    <p class='ocr_par' dir='ltr' id='par_1_13' title="bbox 200 3963 1335 4411">
     <span class='ocr_line' id='line_1_32' title="bbox 236 3963 1285 4034; baseline 0.003 -16"><span class='ocrx_word' id='word_1_206' title='bbox 236 3964 320 4030; x_wconf 69' lang='lat'><strong>1047)</strong></span> <span class='ocrx_word' id='word_1_207' title='bbox 338 3968 428 4017; x_wconf 87' lang='lat' dir='ltr'><strong>Mon.</strong></span> <span class='ocrx_word' id='word_1_208' title='bbox 447 3966 507 4018; x_wconf 74' lang='grc'><strong>361.</strong></span> <span class='ocrx_word' id='word_1_209' title='bbox 526 3981 589 4034; x_wconf 75' lang='lat' dir='ltr'><strong>pag.</strong></span> <span class='ocrx_word' id='word_1_210' title='bbox 607 3966 668 4017; x_wconf 87' lang='grc'><strong>678.</strong></span> <span class='ocrx_word' id='word_1_211' title='bbox 687 3993 723 4004; x_wconf 95' lang='grc'><strong>-</strong></span> <span class='ocrx_word' id='word_1_212' title='bbox 745 3963 902 4029; x_wconf 78' lang='lat' dir='ltr'><strong>Exemplum</strong></span> <span class='ocrx_word' id='word_1_213' title='bbox 929 3967 1111 4018; x_wconf 83' lang='lat' dir='ltr'><strong>Parachoruna</strong></span> <span class='ocrx_word' id='word_1_214' title='bbox 1137 3970 1285 4021; x_wconf 83' lang='lat' dir='ltr'><strong>Distrlctus</strong></span> 
     </span>
     <span class='ocr_line' id='line_1_33' title="bbox 200 4055 1335 4128; baseline 0.004 -18"><span class='ocrx_word' id='word_1_215' title='bbox 200 4055 445 4119; x_wconf 85' lang='lat' dir='ltr'><strong>Libethba&#39;myensis</strong></span> <span class='ocrx_word' id='word_1_216' title='bbox 464 4060 571 4118; x_wconf 83' lang='lat' dir='ltr'><strong>sequuti</strong></span> <span class='ocrx_word' id='word_1_217' title='bbox 589 4065 652 4109; x_wconf 86' lang='lat' dir='ltr'><strong>sunt</strong></span> <span class='ocrx_word' id='word_1_218' title='bbox 670 4057 781 4108; x_wconf 87' lang='lat' dir='ltr'><strong>aliorum</strong></span> <span class='ocrx_word' id='word_1_219' title='bbox 806 4059 981 4108; x_wconf 86' lang='lat' dir='ltr'><strong>Districtuum</strong></span> <span class='ocrx_word' id='word_1_220' title='bbox 1010 4059 1116 4123; x_wconf 74' lang='lat' dir='ltr'><strong>(iurati,</strong></span> <span class='ocrx_word' id='word_1_221' title='bbox 1145 4063 1287 4128; x_wconf 85' lang='lat' dir='ltr'><strong>signanter</strong></span> <span class='ocrx_word' id='word_1_222' title='bbox 1332 4066 1335 4071; x_wconf 80' lang='grc'><strong><em>’</em></strong></span> 
     </span>
     <span class='ocr_line' id='line_1_34' title="bbox 200 4149 1285 4214; baseline 0.004 -13"><span class='ocrx_word' id='word_1_223' title='bbox 200 4153 285 4201; x_wconf 88' lang='lat' dir='ltr'><strong>Distr.</strong></span> <span class='ocrx_word' id='word_1_224' title='bbox 312 4152 493 4200; x_wconf 81' lang='lat' dir='ltr'><strong>Neoaola&#39;enoir</strong></span> <span class='ocrx_word' id='word_1_225' title='bbox 519 4152 562 4199; x_wconf 75' lang='lat' dir='ltr'><strong>riri.</strong></span> <span class='ocrx_word' id='word_1_226' title='bbox 582 4149 607 4200; x_wconf 90' lang='lat'><strong>6.</strong></span> <span class='ocrx_word' id='word_1_227' title='bbox 625 4152 695 4201; x_wconf 86' lang='lat' dir='ltr'><strong>Nor.</strong></span> <span class='ocrx_word' id='word_1_228' title='bbox 716 4150 792 4201; x_wconf 85' lang='grc'><strong>1838.</strong></span> <span class='ocrx_word' id='word_1_229' title='bbox 812 4156 867 4199; x_wconf 87' lang='lat' dir='ltr'><strong>tum</strong></span> <span class='ocrx_word' id='word_1_230' title='bbox 886 4151 930 4200; x_wconf 84' lang='lat' dir='ltr'><strong>dd.</strong></span> <span class='ocrx_word' id='word_1_231' title='bbox 949 4149 993 4200; x_wconf 89' lang='grc'><strong>30.</strong></span> <span class='ocrx_word' id='word_1_232' title='bbox 1012 4151 1100 4214; x_wconf 88' lang='lat' dir='ltr'><strong>April.</strong></span> <span class='ocrx_word' id='word_1_233' title='bbox 1120 4159 1148 4202; x_wconf 84' lang='lat' dir='ltr'><strong>et</strong></span> <span class='ocrx_word' id='word_1_234' title='bbox 1166 4154 1193 4206; x_wconf 79' lang='lat'><strong>5.</strong></span> <span class='ocrx_word' id='word_1_235' title='bbox 1215 4154 1285 4205; x_wconf 83' lang='lat' dir='ltr'><strong>illov.</strong></span> 
     </span>
     <span class='ocr_line' id='line_1_35' title="bbox 204 4226 1286 4303; baseline 0.006 -11"><span class='ocrx_word' id='word_1_236' title='bbox 204 4241 281 4292; x_wconf 88' lang='grc'><strong>1839.</strong></span> <span class='ocrx_word' id='word_1_237' title='bbox 301 4255 380 4303; x_wconf 89' lang='lat' dir='ltr'><strong>porro</strong></span> <span class='ocrx_word' id='word_1_238' title='bbox 401 4238 646 4303; x_wconf 74' lang='lat' dir='ltr'><strong>Breauobcinpeosia</strong></span> <span class='ocrx_word' id='word_1_239' title='bbox 665 4243 707 4291; x_wconf 85' lang='lat' dir='ltr'><strong>dd.</strong></span> <span class='ocrx_word' id='word_1_240' title='bbox 736 4243 760 4291; x_wconf 81' lang='lat'><strong>5.</strong></span> <span class='ocrx_word' id='word_1_241' title='bbox 779 4235 853 4292; x_wconf 83' lang='lat' dir='ltr'><strong>Maii.</strong></span> <span class='ocrx_word' id='word_1_242' title='bbox 877 4240 921 4291; x_wconf 78' lang='lat'><strong>22.</strong></span> <span class='ocrx_word' id='word_1_243' title='bbox 941 4239 1000 4291; x_wconf 80' lang='lat' dir='ltr'><strong>oct.</strong></span> <span class='ocrx_word' id='word_1_244' title='bbox 1029 4243 1106 4294; x_wconf 88' lang='grc'><strong>1839.</strong></span> <span class='ocrx_word' id='word_1_245' title='bbox 1126 4251 1154 4294; x_wconf 85' lang='lat' dir='ltr'><strong>ct</strong></span> <span class='ocrx_word' id='word_1_246' title='bbox 1172 4246 1197 4296; x_wconf 78' lang='lat'><strong>2.</strong></span> <span class='ocrx_word' id='word_1_247' title='bbox 1221 4226 1286 4298; x_wconf 63' lang='lat' dir='ltr'><strong>bun.</strong></span> 
     </span>
     <span class='ocr_line' id='line_1_36' title="bbox 205 4333 1076 4411; baseline -0.001 -26"><span class='ocrx_word' id='word_1_248' title='bbox 205 4333 283 4386; x_wconf 67' lang='lat'><strong>1840.</strong></span> <span class='ocrx_word' id='word_1_249' title='bbox 302 4334 562 4411; x_wconf 79' lang='lat' dir='ltr'><strong>repraesentationes</strong></span> <span class='ocrx_word' id='word_1_250' title='bbox 582 4347 645 4383; x_wconf 85' lang='lat' dir='ltr'><strong>snas</strong></span> <span class='ocrx_word' id='word_1_251' title='bbox 665 4335 697 4383; x_wconf 83' lang='lat' dir='ltr'><strong>ad</strong></span> <span class='ocrx_word' id='word_1_252' title='bbox 714 4333 884 4384; x_wconf 83' lang='lat' dir='ltr'><strong>Ordinarium</strong></span> <span class='ocrx_word' id='word_1_253' title='bbox 903 4334 1076 4384; x_wconf 85' lang='lat' dir='ltr'><strong>dimittentes.</strong></span> 
     </span>
    </p>
   </div>
   <div class='ocr_carea' id='block_1_14' title="bbox 211 4430 1088 4499">
    <p class='ocr_par' dir='ltr' id='par_1_14' title="bbox 211 4430 1088 4499">
     <span class='ocr_line' id='line_1_37' title="bbox 211 4430 1088 4499; baseline 0 -13"><span class='ocrx_word' id='word_1_254' title='bbox 211 4431 388 4499; x_wconf 76' lang='lat' dir='ltr'><strong>floeromiap,</strong></span> <span class='ocrx_word' id='word_1_255' title='bbox 406 4438 440 4487; x_wconf 79' lang='lat' dir='ltr'><strong>de</strong></span> <span class='ocrx_word' id='word_1_256' title='bbox 449 4436 529 4488; x_wconf 80' lang='lat' dir='ltr'><strong>Mori.</strong></span> <span class='ocrx_word' id='word_1_257' title='bbox 540 4436 643 4487; x_wconf 74' lang='lat' dir='ltr'><strong>Minois.</strong></span> <span class='ocrx_word' id='word_1_258' title='bbox 651 4439 675 4487; x_wconf 89' lang='lat'><strong>1.</strong></span> <span class='ocrx_word' id='word_1_259' title='bbox 1050 4430 1088 4486; x_wconf 81' lang='lat'><strong>35</strong></span> 
     </span>
    </p>
   </div>
   <div class='ocr_carea' id='block_1_15' title="bbox 0 0 1439 4838">
    <p class='ocr_par' dir='ltr' id='par_1_15' title="bbox 0 0 1439 4838">
     <span class='ocr_line' id='line_1_38' title="bbox 0 0 1439 4838; baseline 0 0"><span class='ocrx_word' id='word_1_260' title='bbox 0 0 1439 4838; x_wconf 95' lang='lat' dir='ltr'><strong> </strong></span> 
     </span>
    </p>
   </div>
  </div>
 </body>
</html>
