2798 4838
474 240 813 311 „1--316-

137 387 254 452 derint·
275 385 485 450 dounirersa
512 383 626 449 sobole
655 382 813 448 catholice
836 380 1018 462 educando,
1050 388 1084 445 et
1106 380 1257 464 'depasto

137 493 309 558 catholiea·
324 499 413 556 extra
426 523 429 528 ·
444 512 537 554 omne
564 490 740 574 periculum
769 490 983 572 possessionis
1012 488 1183 571 ponenda,
1212 489 1258 552 de-

136 620 220 664 mum
242 619 318 684 spes
340 598 426 661 adsit
447 605 569 681 partem
591 595 803 661 acatholicanr
829 598 864 658 in
885 597 990 658 sinum
1013 595 1131 689 Matris
1155 594 1259 658 Eccle-

136 706 203 770 siae
229 703 415 769 reducendi.
453 706 490 780 b)
513 704 705 767 Sacerdotes
740 705 773 767 in
804 703 1010 774 contrarium,
1027 708 1183 782 agentes,
1214 703 1258 782 qni

135 813 285 875 nimirum
303 819 417 874 *eontra
440 815 576 872 mentem
605 829 643 871 ac
673 816 877 891 praeceptum
900 806 1068 873 Ecclesiae
1098 810 1258 871 matrimo-

135 896 187 980 nia
209 917 307 979 mixta
330 915 584 979 'ritucatlrolico
613 916 852 994 coniunxerint,
881 922 938 983 aut
965 915 1007 977 iis
1037 913 1258 996 quoquomodo

76 1090 79 1097 ,
135 1042 301 1088 assensum
323 1041 413 1085 suum
436 1024 588 1104 praebere
610 1022 883 1105 praesumserint,
914 1021 986 1101 lpso
1010 1021 1097 1083 facto
1130 1041 1256 1102 suspen-

66 1188 69 1193 .
135 1130 235 1197 sionis
257 1130 297 1191 ab
320 1126 433 1190 ordina
457 1128 566 1191 officio
590 1134 623 1190 et
638 1128 794 1191 beneficio
812 1146 947 1208 poenam
969 1127 1134 1190 incurrere
1158 1125 1257 1188 decer-

133 1235 202 1315 nit,
222 1234 320 1316 prout
342 1232 482 1314 et'illos,
505 1236 560 1313 qrri
583 1254 642 1315 pro
663 1236 786 1296 viribus
808 1254 871 1297 non
895 1231 1077 1295 studuerint
1096 1233 1256 1313 paroehia-

134 1343 185 1404 nis
207 1342 275 1404 suis
298 1338 384 1403 talia
407 1341 569 1403 connubia
595 1339 681 1403 velut
703 1339 818 1405 illicita
850 1345 884 1402 et
911 1341 951 1402 ab
968 1337 1123 1409 Ecclesia
1157 1357 1255 1402 severe

133 1448 231 1510 vetita
253 1442 501 1520 incrrlcare.⁶⁰²)
544 1479 546 1482 >
576 1481 579 1487 ·
781 1504 786 1509 .
839 1515 840 1519 ,
1015 1499 1018 1504 .
1226 1431 1230 1436 ⁸

234 1553 316 1615 Post
346 1537 495 1616 dimissas
526 1551 568 1616 ad
591 1550 721 1615 Clarum
749 1547 961 1633 Encyclicas,
991 1552 1254 1633 Archiepiscopus

135 1658 317 1723 romanu
339 1663 433 1722 1838.
455 1658 559 1722 denuo
584 1658 626 1721 ad
643 1660 764 1739 Regem
785 1657 899 1725 literas
918 1657 1029 1736 dedit,
1053 1663 1085 1719 et
1105 1679 1171 1720 non
1193 1659 1252 1720 sine

132 1762 332 1846 amplissima
354 1766 565 1827 subiectionis
588 1786 625 1827 ac
647 1765 793 1845 obsequii
815 1765 932 1842 iniis,
956 1783 1036 1842 quae
1058 1762 1167 1826 civilis
1189 1768 1253 1826 sunt

132 1868 278 1949 ordinis,
299 1872 548 1950 testificatione,
571 1870 705 1934 eundem
728 1872 831 1952 primo
855 1869 983 1951 quidem
1006 1868 1099 1931 datae
1123 1867 1266 1932 solenni—

132 1982 184 2038 ter
204 1975 282 2038 fidoi
303 1978 425 2058 Regiae
456 1976 497 2038 de
519 1979 644 2040 iuribus
666 1976 834 2040 Ecclesiae
864 1973 1052 2041 Catholicae
1085 1977 1183 2039 sartis
1211 1981 1255 2038 te·

134 2082 256 2162 otiaque
279 2081 442 2146 servandis
465 2063 610 2145 modeste
632 2081 820 2162 admonuit,
842 2088 909 2147 tum
931 2082 1070 2160 ingenue
1091 2083 1271 2162 professus

133 2193 200 2264 est3
232 2195 308 2270 post
336 2185 444 2269 palam
474 2189 698 2251 annunciatum
729 2188 825 2251 Sedis
847 2185 1058 2268 Apostolieae
1088 2162 1263 2251 oraculum

132 2292 224 2356 nelos
245 2293 308 2356 sibl
325 2313 401 2356 esse
422 2292 497 2357 inde
520 2292 680 2356 ullatenus
703 2292 890 2371 discedere,
921 2295 984 2356 nisi
1013 2294 1100 2373 turpi
1123 2293 1263 2357 violatae

19 2388 23 2393 ’
133 2396 372 2463 ecclesiasticae
394 2400 526 2463 unitatis
549 2401 681 2462 crimine
704 2419 738 2463 se
762 2397 923 2464 maculare
945 2397 1109 2474 nclit⁶⁰³>

619 2612 656 2706 g.
687 2615 772 2688 m.

131 2753 349 2823 lencycltca
367 2751 681 2825 archiepiscopi
695 2754 741 2812 in
755 2756 846 2811 tota
858 2753 1171 2812 Anhidioeccst
1184 2752 1262 2812 ser!

130 2845 387 2917 praeprimis
407 2861 433 2902 ιι
452 2845 647 2918 capitulo
666 2845 905 2904 aasumensi
923 2860 1019 2903 curn
1039 2847 1175 2904 iubilo
1192 2860 1266 2904 cn-

630 2941 762 3009 cepta.

232 3086 382 3175 Epistola
407 3097 566 3181 encyclica
583 3099 826 3183 Areliiepiscopi
848 3100 952 3161 Dunin
975 3100 1008 3159 in
1032 3100 1177 3175 universa
1198 3098 1268 3158 dr*

131 3200 328 3265 chidloeoesi
358 3224 480 3267 summo
514 3225 584 3268 cum
614 3204 715 3266 iubilo
740 3204 873 3268 aclero
899 3210 1032 3283 excepta
1061 3203 1144 3267 luit:
1174 3198 1264 3284 quoi

130 3314 195 3370 tam
219 3328 278 3391 per
298 3308 430 3389 literas,
455 3331 548 3390 quam
573 3309 749 3391 legationes
772 3308 923 3373 Praelato
955 3308 995 3371 de
1018 3317 1128 3372 sancte
1151 3312 1261 3370 custo-

131 3411 199 3474 dito
223 3412 372 3499 deposito
394 3416 472 3479 fidei
495 3414 751 3498 congratulantes
773 3415 878 3499 palam
900 3417 1014 3483 testari
1036 3415 1123 3478 idem
1146 3413 1266 3478 Clarus

95 3533 97 3541 ‘
131 3518 306 3602 satagebat,
338 3509 547 3603 Praecipnam
578 3523 785 3585 attentionem
816 3504 956 3585 meretur
985 3520 1107 3603 legatio
1139 3519 1258 3600 (lapi-

131 3623 213 3688 tull
236 3627 519 3708 Gnesnensis,
552 3628 637 3709 quod
666 3626 929 3710 Archipraesuli,
959 3630 1000 3690 ob
1024 3620 1155 3691 strenue
1182 3643 1259 3708 proe

129 3738 299 3812 pugnatam
323 3733 515 3796 catholicam
538 3724 715 3798 doctrinam
744 3755 781 3797 ac
805 3730 1006 3815 disciplinam
1030 3736 1182 3817 tragicam
1202 3749 1255 3792 ιι·

130 3838 317 3915 tastropheu
341 3840 507 3917 subituro,
530 3838 571 3901 ad
594 3861 702 3902 casum
724 3843 830 3904 tristis
853 3847 983 3905 eventus
1002 3838 1110 3903 media
1134 3842 1254 3926 susten

130 3941 246 4007 tandae
273 3946 357 4007 vitae
387 3943 480 4008 iiliali
511 3945 630 4027 pietate
669 3960 711 4009 ac·
734 3945 929 4014 liberalitate
957 3926 1110 4029 ‘praevie'
1132 3939 1245 4006 obtulit·

131 4048 231 4112 (irata
253 4047 390 4113 recoluit
410 4058 514 4114 mente
537 4045 732 4133 singularem
750 4056 832 4117 hanc
851 4051 994 4136 Capituli
1015 4053 1049 4116 in
1068 4073 1103 4118 se
1121 4063 1243 4134 propen‘

131 4175 377 4195 η-ι-υ

200 4222 267 4307 ooa)
286 4245 375 4295 uon.
395 4243 456 4294 aar.
476 4251 503 4295 er
520 4244 581 4298 aas.
600 4260 662 4312 pag.
681 4244 741 4297 aee.

201 4331 268 4398 603)
287 4337 377 4415 tlon.
396 4335 458 4389 239.
478 4351 539 4402 pag.
559 4335 621 4390 til.
