2798 4838
576 244 906 337 “·-ma..
1009 242 1011 253 .

225 371 349 496 praxim
371 374 551 493 ubicunque
582 409 747 490 iocorum,
778 417 811 473 et
837 427 1026 490 quocunque
1055 405 1184 471 demum
1214 416 1347 493 tempore

226 520 436 596 factumest,
459 517 675 607 exeeptionem
696 517 799 578 fuisse
822 521 878 577 aut
898 517 1054 594 abusum,
1078 515 1133 596 qui
1156 512 1264 595 legem
1288 517 1348 577 uni·

225 621 381 687 veraalem
403 622 560 703 abrogare
582 624 688 706 possit
716 640 904 710 numquam5
935 619 1063 683 tandem
1093 622 1202 682 verbis
1234 615 1348 702 energi-

225 729 272 791 cis
307 725 422 791 fideles
455 730 494 791 ab
524 727 811 791 ineundis‘mixtia
844 727 1010 789 connubiis
1041 731 1174 806 paterne
1206 724 1347 788 dehorta-

224 841 276 897 tur
302 831 392 908 ¹⁰⁸⁸).
414 865 456 879 ·-
478 833 575 897 Dedit
595 833 680 896 idem
702 818 965 913 vigilantissimus
980 826 1139 902 'Mistea
1172 831 1272 894 simul
1298 834 1348 895 ln·

224 939 518 1004 structionem
545 959 603 1020 pro
635 940 844 1003 curatoribus
883 939 1059 1000 animarum
1087 938 1120 1000 in
1138 1019 1150 1026 ἢ
1167 939 1343 1000 occursuris

224 1046 353 1107 casibus
387 1043 632 1107 deservituram:
662 1045 749 1106 iuxta
781 1064 874 1125 quiam
899 1051 976 1105 ante
1008 1044 1112 1105 omnia
1144 1061 1268 1125 sponsa
1297 1045 1346 1106 Ga·

224 1146 345 1212 tirolica
368 1150 437 1210 viro
459 1148 639 1212 acatholico
662 1153 781 1213 nubere
814 1150 966 1229 cupiens,
996 1149 1030 1210 in
1062 1148 1236 1231 principiis
1267 1147 1345 1211 Reli·

226 1255 333 1336 giouis
358 1248 553 1317 ‘Catholicae
588 1257 650 1318 rite
689 1254 904 1333 instituenda,
937 1260 969 1333 et
999 1252 1236 1334 obligationis,
1278 1275 1346 1334 quae

223 1358 328 1440 ipram
350 1360 435 1421 eirca
466 1358 686 1424 educationem
716 1359 856 1442 prolium
888 1357 1079 1443 catholicam
1108 1366 1242 1438 manet,
1267 1380 1347 1420 acon·

223 1462 398 1543 monenda,
421 1483 521 1546 eoque
551 1467 751 1549 disponenda
782 1468 846 1544 sit,
878 1471 912 1528 ut
943 1484 1094 1545 sponsum
1126 1464 1169 1527 ad
1199 1465 1347 1528 Reverea-

222 1567 272 1632 les
294 1589 391 1652 super
413 1569 572 1635 catholica
593 1574 760 1652 utriusque
782 1591 876 1633 sexus
907 1567 1046 1650 prolium
1075 1569 1274 1632 educatione
1303 1589 1346 1633 er·

223 1674 397 1739 tradendas
419 1695 603 1759 permovere
626 1686 768 1758 satagat3
791 1662 959 1740 conatibus
981 1695 1055 1737 vero
1086 1675 1141 1736 his
1171 1676 1206 1737 in
1231 1677 1347 1738 irritum

112 1766 114 1770 ⁵
223 1780 426 1867 cadentibus,
457 1785 496 1845 ab
526 1782 802 1848 administratione
832 1782 1029 1845 Sacramenti
1068 1780 1278 1843 Matrimonii
1315 1783 1347 1844 ob

136 1908 145 1918 ⁴
221 1869 324 1970 partis
346 1886 525 1951 catholicae
547 1890 827 1973 indispositionem
852 1894 884 1951 et
905 1887 946 1950 ad
967 1886 1186 1967 recipiendam
1225 1885 1348 1950 benedi·

223 1993 360 2055 ctionem
381 1994 623 2076 indignitatem,
646 1994 886 2074 abstinendum,
917 1991 975 2084 sed
992 1993 1180 2072 praemissis
1191 1993 1348 2068 consuetis

220 2096 552 2180 promulgationibus,
577 2103 782 2184 ⁴Sponsisque
804 2101 929 2184 praevie
946 2097 987 2161 ad
1015 2096 1113 2159 aedes
1140 2096 1347 2160 Parochialea

222 2204 423 2284 constitutis,
460 2226 567 2269 eorum
596 2215 725 2270 mutuus
756 2210 788 2269 in
819 2205 1055 2269 matrimonium
1086 2222 1271 2265 consensus
1301 2224 1349 2266 co-

149 2314 153 2320 “
221 2330 290 2405 ram
312 2309 438 2371 duobus
461 2313 596 2375 testibus
619 2294 979 2397 excipiendus,.hocve
1012 2314 1145 2388 excepto
1174 2315 1272 2371 actus
1300 2328 1345 2371 va·

220 2412 289 2477 lide
311 2423 421 2496 gestus
444 2418 478 2478 in
498 2414 617 2481 librum
640 2413 876 2481 matricularem
905 2413 1091 2478 iuaaerendu
1125 2415 1171 2475 ait
1198 2411 1292 2475 ¹⁰³⁹&
1314 2446 1345 2458 -

220 2520 317 2584 Dedit
338 2520 465 2583 tandem
487 2505 621 2586 Praesul
644 2524 862 2587 aelosiaasimu
885 2521 927 2585 ad
947 2519 1202 2582 Universitatem
1226 2539 1344 2601 quoque

222 2627 397 2690 Comitatus
420 2612 619 2692 Binarierma's
640 2624 752 2692 literas
769 2629 822 2692 dd.
845 2626 973 2690 anaii
989 2630 1080 2688 1839.
1098 2630 1223 2686 statum
1259 2644 1344 2706 quae-

221 2733 335 2794 stionis
358 2733 398 2795 de
420 2739 511 2797 matr.
533 2737 639 2798 mixtis
663 2735 748 2797 clare
771 2741 983 2816 exponentes,
1006 2738 1040 2792 ut
1062 2731 1256 2794 Pastoralea
1279 2748 1343 2793 suaa

212 2835 331 2900 ¹literas
361 2860 379 2902 a
417 2841 557 2902 sinistris
580 2833 916 2922 interpretationibus
931 2845 964 2898 et
992 2837 1238 2898 detorsionibus
1260 2855 1342 2918 prae·

116 3001 121 3010 ,
219 2946 360 3030 muniat,
382 2950 414 3007 et
435 2947 562 3007 uberius
586 2946 749 3025 ostendat,
774 2943 901 3006 easdem
930 2939 1114 3006 Pastoralea
1146 2940 1265 3004 literar
1294 2961 1342 3022 pu·

219 3069 255 3111 re
278 3057 498 3131 argumentum
532 3051 574 3113 ad
603 3052 771 3134 sphaeram
800 3048 1042 3114 durisdictiouis
1072 3044 1248 3112 Ecclesiae
1279 3066 1342 3129 spe·

219 3159 308 3218 ctans
331 3162 480 3220 tractare.
509 3151 585 3226 ¹⁰⁴⁰)

288 3383 374 3451 1038)
391 3390 478 3440 Mon.
497 3389 558 3441 356.
577 3405 640 3457 pag.
659 3389 721 3442 655.

288 3479 373 3544 1039)
392 3483 479 3535 Mon.
498 3483 559 3535 357.
579 3498 641 3548 pag.
660 3481 721 3534 665.

287 3572 372 3637 1000)
391 3575 448 3626 Hoc
467 3573 526 3626 ioco
552 3575 809 3626 commemorandum
846 3584 1004 3623 censemusa
1031 3569 1202 3633 Episcopum
1231 3584 1286 3621 uon
1302 3581 1339 3618 so·

252 3663 308 3717 ium
334 3670 367 3717 ad
401 3668 611 3720 Universitetem
630 3666 777 3718 Comitatus
801 3665 982 3727 Biharieusis,
1006 3675 1100 3730 perum
1120 3663 1204 3712 etiam
1220 3664 1338 3723 adlinet·

122 3739 129 3755 ⁸
252 3759 326 3807 uium
344 3761 459 3824 Bedtnp,
469 3760 599 3823 praedicti
620 3758 768 3810 Comitatus
787 3757 952 3821 Ablegatum
963 3751 1130 3814 Diaetaiem,
1140 3760 1168 3803 ct
1184 3754 1214 3803 in
1226 3752 1336 3806 comitiis

227 3853 234 3873 ⁸
252 3863 276 3899 a
287 3841 391 3922 18³²s6.
411 3864 509 3902 causac
536 3822 726 3916 religioneriae
737 3847 947 3897 Protestantium
962 3851 1100 3896 strenuum
1115 3852 1338 3912 propugnatore·

124 3947 128 3950 ’
252 3950 296 4002 die
314 3947 359 4004 27.
377 3954 451 4004 Maii.
470 3952 549 4005 1833.
569 3952 678 4002 dedisse
706 3928 833 4014 paternas
853 3951 964 4011 literas,
982 3949 1011 3998 in
1035 3949 1125 4009 iisque
1144 3949 1236 3999 virum
1260 3951 1337 4008 hunc,

251 4042 320 4096 alias
341 4043 524 4108 catholicum,
550 4044 716 4105 adponenda
735 4047 828 4091 contra
857 4040 968 4092 clerum
986 4053 1095 4100 remque
1123 4042 1272 4096 Ecclesiae
1295 4039 1339 4091 Ca·

251 4134 367 4188 thelicae
385 4137 446 4186 odia
479 4141 507 4187 et
527 4135 561 4185 ad
579 4133 764 4185 desistendum
787 4148 804 4184 a
836 4129 997 4183 vellicandis
1026 4128 1178 4182 Catholicis
1206 4129 1336 4194 principiis

251 4230 382 4281 hortatum
400 4228 505 4279 fuisses
522 4240 618 4279 verum
638 4228 740 4286 absque
769 4225 881 4288 effectu,
899 4230 930 4273 ιιι
947 4225 1025 4273 docet
1042 4223 1224 4284 responsoria
1242 4233 1336 4286 qaoque

250 4315 473 4391 luera'urgemi
495 4317 602 4383 Beithy
618 4319 654 4370 ad
677 4313 850 4370 Praeaulem:
870 4321 983 4378 utraque
1002 4315 1032 4366 in
1049 4315 1238 4382 germanicum
1264 4324 1333 4368 verae
