2798 4838
596 260 823 349 foca-

140 405 238 473 mixta
260 423 395 486 sequena
417 403 595 467 continetur
616 406 806 468 instructior
828 405 1029 470 matrimonia
1045 402 1143 487 talia,
1166 429 1255 489 quan·

140 518 209 599 tum
229 513 303 575 iieri
324 516 451 593 potest,
474 509 563 574 suari
584 509 770 573 modaiitate
794 510 1018 609 impedienda,
1047 514 1078 576 ai
1110 527 1183 589 vcro
1206 517 1256 575 im-

139 616 247 701 pedlri
267 622 444 699 nequeant,
466 635 525 697 per
546 615 737 679 catholicam
759 616 898 679 omnium
929 615 1070 699 prolium
1103 618 1256 681 educatio·

138 742 211 786 nem
234 728 266 784 et
288 724 390 803 partia
411 720 519 785 fidelia
540 724 572 799 in
595 722 660 784 fide
683 741 825 784 accurram
841 725 1109 802 perseverantiam
1131 726 1256 793 circim-

74 852 77 865 ·
137 826 307 891 scribenda
320 822 420 907 ⁴osae,
442 829 588 891 cautione
609 848 628 890 a
650 829 778 907 sponsis
801 829 1017 908 aeriptotenua
1037 835 1183 908 accepta.
1203 826 1255 903 ⁹¹⁰)

142 964 180 977 -
203 931 417 1014 singulariter
443 932 712 1017 commemorandi
739 932 803 995 hoc
831 930 903 995 loco
926 937 1056 997 veniunt
1088 935 1256 997 Parochi

141 1039 380 1102 Decanatus
402 1038 597 1102 Montani
624 1041 667 1100 in
689 1038 914 1117 Scepuaio:
938 1042 994 1120 qui
1018 1038 1167 1120 exemplo
1188 1062 1256 1102 non·

140 1140 301 1206 nullorum
323 1145 541 1207 Parociaorum
562 1147 849 1207 Arcbidioconctua
878 1148 1093 1208 Gomorienaa'a
1121 1147 1257 1229 incitati,

101 1286 107 1293 ·
141 1251 296 1311 statutum
317 1250 402 1313 inter
424 1271 459 1313 ae
481 1250 707 1314 condiderunt:
737 1257 776 1313 de
796 1255 1007 1312 matrimona’a'a
1034 1256 1162 1329 miratae
1190 1257 1257 1312 rao-

138 1357 246 1432 ptom‘s
265 1373 440 1436 aramquom
460 1361 664 1434 concatenatim
696 1357 788 1437 eique
818 1361 883 1435 tam
914 1358 1025 1439 stricte
1053 1357 1257 1434 insistebant,

140 1464 195 1539 ut,
217 1479 299 1531 ‚cum
320 1462 528 1543 Praepositus
550 1463 695 1544 ipsorum
717 1481 778 1523 una
800 1459 938 1539 alterave
961 1463 1027 1524 vice
1058 1483 1117 1541 per
1140 1461 1258 1543 modun

136 1559 387 1645 dispensationis
409 1569 609 1647 matrimonia
632 1567 787 1631 eiusmodi
809 1565 953 1645 copulari
975 1570 1112 1643 iuberet,
1137 1568 1257 1629 excon-

48 1682 51 1686 ’
138 1676 232 1734 ventu
253 1691 312 1734 auo
337 1678 385 1735 17.
404 1673 515 1737 Martii
529 1679 627 1735 1736.
651 1666 888 1735 Szomolnoletnt
908 1671 1069 1755 celebrato
1093 1674 1258 1735 Primatum

137 1795 198 1859 pro
216 1777 450 1841 manutenendo
474 1784 592 1842 statuto
616 1798 675 1849 auo
697 1775 1059 1858 interpellaverint⁹¹.¹).
1082 1777 1259 1841 Zeluml’a·

141 1877 311 1963 meliorum
332 1885 469 1947 istorum
491 1886 523 1946 in
546 1882 757 1967 impediendis
780 1885 895 1945 mixtae
916 1883 1084 1965 religionis
1107 1884 1258 1964 coniugiis

143 1985 313 2068 insigniter
332 1988 456 2053 adiuvit
473 1992 642 2077 Decretum
666 1994 824 2068 Principio
849 1994 1005 2051 Tbeodora'
1034 1994 1260 2067 Luoonomap

142 2092 310 2179 (lapitanei
331 2095 554 2176 Scepuaienais
586 2097 671 2173 circa
701 2088 921 2193 Protestant'ea
952 2093 992 2156 ad
1023 2096 1135 2157 munia
1166 2094 1259 2175 Magi-

142 2196 308 2262 atratualia
331 2201 469 2280 qualiter
500 2201 714 2263 admittendos
745 2212 776 2268 9.
798 2192 927 2263 ianuar.
945 2205 1037 2262 1728.
1062 2200 1205 2263 editum:
1232 2201 1260 2260 in

141 2320 203 2382 quo
227 2304 268 2365 de
289 2307 396 2367 mixtis
419 2308 586 2368 connubiis
610 2302 809 2386 disponitur:
831 2312 866 2366 ut
888 2306 1112 2367 contrahentes
1136 2305 1259 2368 authen·

141 2409 456 2473 tieaasaecuratione
474 2431 581 2474 coram
600 2411 741 2491 parocho
759 2430 794 2471 se
812 2412 1029 2491 obstringant,
1052 2413 1117 2472 non
1135 2412 1168 2472 in
1187 2408 1260 2491 alia,

139 2532 234 2594 quam
257 2534 331 2577 acra
350 2516 389 2579 11.
410 2515 577 2579 Catholica
600 2515 665 2578 tide
689 2513 814 2597 prolem
838 2516 1034 2579 educandam
1057 2515 1143 2578 fore.
1162 2513 1225 2589 ⁹¹²)

142 2678 387 2704 Μ

207 2810 470 2876 910)1nstructioni
494 2815 556 2863 hnic
581 2813 696 2863 iideiiter
714 2813 844 2864 insistens
863 2806 997 2864 visitator
1013 2814 1140 2864 Joannes
1173 2811 1256 2872 Pelea,

174 2905 289 2956 inomni
313 2908 455 2970 parochia,
483 2907 528 2956 ubi
556 2907 681 2954 diversae
705 2903 847 2970 religionis
867 2914 943 2956 erant
962 2908 1086 2967 incolae,
1106 2907 1256 2957 adnotauita

171 2999 332 3056 conformem
360 3001 601 3056 antecameram
627 3000 745 3046 Peracto
771 2999 860 3046 datum
886 3000 919 3047 ab
944 3013 973 3048 ae
998 3014 1057 3048 eoae
1083 3000 1256 3049 romanoram

174 3088 262 3150 Sopor
273 3091 510 3142 hoctestimoninm
523 3089 737 3152 perhibentActo
750 3091 946 3140 Visituta'omala‘u
956 3090 1256 3154 Areatapsmsusteaata

209 3176 275 3240 911)
300 3182 389 3233 bion.
413 3182 474 3232 270.
492 3196 554 3248 pag.
580 3182 639 3231 131.
658 3207 694 3218 -
713 3182 775 3231 Tob.
800 3184 910 3232 Priantae.
942 3180 1256 3246 Vea.1vo.19ao.pnu

46 3298 48 3309 ·
179 3270 213 3319 ad
229 3267 324 3321 literas
343 3273 524 3322 Parocborum
542 3273 729 3323 Montanorum
755 3274 859 3322 Primos
884 3274 1073 3336 rescripserit:
1093 3273 1194 3326 nullibi
1209 3273 1257 3337 qui·

127 3342 130 3352 Ι
176 3363 251 3423 dem,
270 3365 541 3424 excussoiicetqnam
561 3363 768 3430 diligentissime
787 3362 930 3415 'tabulario
955 3362 1122 3429 Primatiaii,
1144 3364 1256 3417 invenire

175 3454 324 3518 potuimus;
352 3447 498 3519 detegimus
517 3463 604 3508 tamen
633 3456 752 3506 eiusdem
771 3457 941 3519 Rescriptum
969 3458 996 3509 in
1020 3459 1185 3520 particulari
1202 3470 1256 3508 cam

173 3545 245 3595 mixti
277 3547 413 3599 cuiusdam
446 3549 606 3599 matrimonii
638 3549 682 3598 dd.
718 3547 761 3598 10.
790 3547 898 3599 ocronr.
926 3549 1004 3600 1737.
1036 3551 1122 3600 baina
1150 3550 1255 3602 tanariae

171 3638 380 3699 „Libentissime
406 3654 566 3705 annuerem,
585 3639 638 3691 nisi
657 3641 684 3690 iu
710 3638 799 3702 ipsunt
817 3641 969 3707 denegandi
986 3635 1186 3695 necessitatem
1203 3639 1254 3693 stt

173 3729 322 3791 imponeret
347 3733 503 3783 constitutio
530 3732 704 3795 dioecesana,
731 3745 779 3794 per
806 3734 898 3795 plures
924 3733 974 3782 iam
1001 3747 1091 3784 annos
1111 3733 1188 3788 ieiici
1205 3747 1252 3784 aar·

176 3832 274 3884 cassu,
292 3835 323 3871 ac
341 3812 514 3885 plurimorum
532 3824 565 3873 ad
583 3824 677 3875 itidem
695 3821 843 3874 salvificam
869 3824 1027 3875 accessione
1055 3834 1154 3880 sancta
1174 3831 1253 3879 obren-

176 3913 252 3972 rata‚
271 3926 349 3972 qnam
365 3916 395 3964 vi
412 3898 530 3966 moneris
554 3914 606 3966 mei
632 3912 777 3977 pastoralis
804 3912 920 3967 ulterius
939 3916 1019 3967 etiam
1039 3931 1091 3969 suo
1111 3920 1142 3971 in
1160 3920 1253 3986 {vigata

175 4013 336 4068 conservare
363 3994 473 4072 cogor.’⁶
702 4002 704 4007 '

209 4087 275 4155 ora)
301 4095 391 4149 Mon.
416 4097 564 4162 2iispag.
591 4097 652 4150 135.
670 4124 707 4136 -
724 4098 817 4149 rotat.
844 4098 924 4156 oceo.
951 4098 1054 4160 inquo
1074 4107 1166 4159 umen
1185 4103 1252 4165 torto

175 4183 297 4239 enacarat
314 4203 347 4242 ex
364 4184 650 4256 originaiiiteocripto
667 4189 802 4254 Principia
821 4191 943 4253 desumto
969 4200 1068 4248 exstat.
1172 4250 1175 4255 ,
