2798 4838
615 258 788 327 ..6.-

148 407 332 469 diversitate
354 404 527 465 sententiae
549 402 633 464 circa
655 399 831 478 vinculum,
862 401 944 480 quod
973 403 1121 463 nimirum
1135 401 1263 463 Prote·
1298 470 1301 477 .

147 510 234 575 staur
257 529 314 595 per
330 507 525 572 ‘adulterium
550 506 649 585 solvi,
672 505 857 568 catholicus
880 526 954 567 vero
971 508 1071 568 etiam
1090 526 1188 586 penes
1206 506 1266 569 ad-

144 614 295 679 ulterium
318 613 401 676 ultro
423 604 595 695 persistere
618 608 768 688 credunt,
791 616 936 672 sonuerim·
952 613 1005 672 sit.
1034 608 1262 690 Similem'pra

147 719 255 804 valore
276 721 469 782 matrimonii
499 722 589 781 mixti
612 719 802 795 decisionem
825 715 901 777 tulit
930 716 1199 797 congregationi
1214 732 1260 778 eo

145 815 241 889 etiam
262 813 358 904 casim·
384 844 446 904 quio
479 824 518 886 de
544 824 745 885 matrimonio
768 823 1016 883 Proteetantium
1039 819 1198 883 subluerl
1219 823 1267 882 si.-

144 933 221 993 n‘um
249 929 414 992 Ecclesiae
446 928 631 991 Catholicae
657 924 855 989 redeuntium
877 924 1264 1006 ageraton-romum

141 1018 347 1098 fundamento
361 1033 449 1113 illo,
473 1034 558 1115 quod
579 1035 798 1095 Protestantes.
816 1051 879 1092 nou
901 1032 1003 1092 minu's
1026 1030 1259 1111 quamb'atboa

140 1138 198 1202 lici
218 1141 355 1221 supponi
377 1140 510 1201 debcant
530 1140 647 1200 babere
670 1139 872 1199 intentionem
880 1156 896 1214 ,·
913 1156 969 1199 sua
993 1137 1149 1197 connubia
1164 1136 1261 1197 'irrata

142 1252 279 1308 mentem
309 1250 341 1307 et
367 1245 547 1306 institutum
577 1244 697 1304 Christi
728 1243 854 1305 Domini
894 1241 1044 1318 inmundi,
1081 1240 1262 1302 distr-forte

140 1351 317 1413 contractui
347 1346 573 1410 matrimoniali
590 1348 813 1410 conditionem
844 1346 906 1428 ipsi
928 1347 1124 1408 tubstantiae
1147 1346 1260 1409 matri·

144 1456 245 1518 monii
267 1460 498 1535 repugnantem
514 1452 747 1535 adposuisaent.
809 1454 811 1459 ’
870 1450 874 1455 ’
1130 1453 1136 1463 ’
1211 1469 1213 1473 ·

1091 1536 1094 1543 “
1214 1528 1257 1587 ἷι

655 1620 753 1714 §.a

140 1763 283 1821 διοιιιι
294 1761 661 1820 matrimoniorum
677 1761 906 1818 mixtorum
914 1759 1263 1829 poaeumsnmo-
1282 1798 1290 1807 ·

344 1854 350 1887 ·''
498 1855 696 1924 ligio-am
713 1866 751 1908 ιι.
772 1854 895 1909 ιιιιιιι.
972 1910 973 1915 ,

241 1991 305 2052 Per
334 1994 382 2053 sic
412 1992 530 2054 dictam
564 1999 673 2054 Pacem
694 1996 878 2068 ltclipiosam
908 2007 988 2048 anuo
1023 1992 1113 2050 1555.
1137 1989 1170 2050 ln
1195 1990 1260 2051 co-

138 2098 238 2169 mitiis
267 2097 427 2176 Augustae
459 2095 699 2160 vindelicorum
728 2095 933 2157 celebratis'
926 2113 957 2152 ιιι
981 2091 1105 2175 tabulas
1129 2095 1259 2176 lmperii

138 2199 245 2291 legum
273 2199 405 2263 relatam
436 2202 579 2305 quoaestio
612 2201 651 2271 de
683 2196 892 2264 relationibus
915 2183 997 2258 inter
1020 2170 1208 2261 catholicos
1230 2208 1263 2263 ct

138 2307 356 2369 Protestantes
387 2307 487 2387 magis
519 2305 647 2386 publica
675 2306 800 2368 reddita
832 2311 889 2373 est.
932 2303 1025 2363 Pacis
1055 2277 1191 2387 liuius
1184 2324 1261 2367 con-

139 2409 228 2473 clusa
259 2417 488 2490 praepararunt
518 2413 581 2472 iam
604 2415 825 2473 conventiones
849 2408 945 2486 illac,
978 2427 1056 2486 quiae
1054 2390 1119 2468 de
1142 2409 1257 2470 admit-

138 2515 234 2578 tendo
266 2514 445 2577 catholicis
476 2537 513 2578 ac
542 2518 799 2578 Protestantibns
823 2519 1017 2576 Simultcaeo
1040 2513 1147 2592 quoad
1168 2533 1254 2575 exer-

138 2621 249 2682 citium
271 2619 370 2681 divini
391 2618 496 2683 cultus
519 2623 618 2683 initae
640 2622 785 2693 iuernnt;
816 2639 913 2701 porro
937 2617 1041 2678 studia
1072 2618 1256 2699 Principum

136 2726 445 2788 Protcstauticorum
466 2731 519 2788 ius
539 2729 734 2802 reformande·
755 2729 788 2786 in
810 2727 905 2786 rebus
926 2723 1091 2803 religionis
1111 2725 1260 2789 obtinere

136 2828 413 2911 contendentium,
443 2853 505 2912 quo
522 2831 611 2894 ‘illoc
634 2833 699 2894 Pax
723 2831 888 2911 Religiosa
911 2830 1020 2910 reipsa
1040 2831 1134 2893 etiam
1158 2829 1258 2894 dona·

135 2936 190 2996 vit.
230 2936 316 2997 luris
346 2937 439 2999 huius
472 2939 673 3018 Principibus
696 2938 840 2998 concessi
863 2935 1035 3017 praecipua
1057 2938 1258 3000 consectaria

137 3045 244 3101 erant:
267 3039 396 3118 publica
418 3041 628 3102 confessionis
650 3042 902 3103 Protestanticae
925 3039 1087 3119 receptio,
1123 3041 1259 3104 iurisdi-

136 3144 250 3205 ctionis
281 3163 390 3207 sacrae
419 3148 650 3226 Episcoporum
679 3148 712 3206 in
736 3147 952 3207 Protestantes
975 3145 1167 3224 summario,
1198 3167 1258 3209 uo·

136 3247 355 3311 menclationis
385 3255 616 3312 baereticorum
644 3271 738 3312 sensu
769 3249 854 3311 civili
885 3269 922 3311 ac
944 3237 1078 3326 politico
1100 3249 1256 3330 abolitio,

136 3351 261 3427 demut
289 3373 369 3416 nova
391 3376 449 3435 pro
473 3354 718 3417 determinandis
741 3355 867 3436 legibus
891 3352 996 3434 qcroad
1019 3352 1256 3432 copulationem

134 3475 341 3537 personarum
369 3461 486 3521 mixtae
516 3459 680 3541 religionis
713 3468 745 3522 ot
773 3459 1009 3543 religiouariam
1034 3458 1257 3524 educationem

134 3560 272 3640 prolium
293 3583 332 3626 ex
348 3564 506 3626 eiusmodi
524 3567 691 3627 connubiis
704 3566 951 3648 progenitarum
962 3565 1128 3645 principia.
1152 3565 1256 3645 liqui·

135 3665 207 3728 dem
235 3675 310 3749 poet
336 3669 451 3731 Pacem
479 3668 676 3751 Religiosam
697 3671 752 3733 diu
775 3670 880 3734 adhuc
903 3671 1034 3750 exiguus
1056 3669 1120 3730 luit
1139 3671 1256 3733 matri-

134 3773 311 3834 monimum
341 3774 510 3836 mixtorum
539 3777 746 3857 propriario
777 3776 935 3839 dictorum
964 3792 1130 3837 numerus:
1163 3775 1253 3854 quia,

134 3881 231 3955 prout
259 3878 293 3937 in
319 3881 503 3941 Electoracu
531 3899 558 3942 e.
581 3899 610 3961 g.
632 3886 776 3944 Paladao
797 3884 900 3944 abeat
921 3885 954 3942 ct
974 3885 1103 3942 Ducam
1123 3882 1255 3958 mpor-

132 3985 200 4043 ttno
232 4013 269 4024 -
294 3983 331 4055 ln
361 3983 475 4063 quibus
496 3985 684 4062 reformata3
707 4006 803 4069 porro
825 3988 858 4047 in
882 3988 1095 4051 Comitatibue
1118 3987 1253 4046 Ειιιιιιι·

128 4089 236 4163 penn‘,
257 4090 478 4168 Naseootenet,
500 4096 558 4152 etc.
581 4121 622 4132 -
649 4091 704 4152 ubi
733 4089 900 4154 lutheraua
922 4092 1092 4155 Confessio
1114 4108 1249 4171 praeva-

128 4186 209 4251 luit:
240 4191 286 4287 ita
312 4193 346 4253 in
375 4191 551 4257 ditionibus
573 4194 756 4275 Principum
778 4198 1011 4279 Episcoporum
1032 4198 1193 4276 Spirensis
1214 4199 1250 4257 et

131 4296 388 4383 wormacienses,
410 4299 466 4361 ubi
481 4297 647 4363 Catholica
665 4300 885 4385 dominabatur
901 4302 1051 4383 delimo,
1073 4298 1247 4364 admodum
1280 4307 1282 4311 ’
