2782 4830
555 253 804 339 '4441-

127 415 293 496 ilungaria
321 415 417 476 etiam
452 416 562 494 praxis
590 411 778 490 invaluerit,
809 368 921 474 eadem
949 398 1150 476 matrimonio
1174 418 1252 475 tuuc

128 540 256 602 quoqne
278 521 343 581 ritu
365 516 531 581 Ecclesiae
554 523 707 579 consueto
729 515 961 594 benedicendi,
990 515 1066 579 dum
1087 515 1251 599 cautelae,

118 647 186 713 per
207 623 386 687 Ecclesiam
407 644 467 704 pro
490 624 698 685 matrimoniis
721 623 905 685 huiuamodi
937 625 1175 705 praescriptae,
1195 643 1252 686 ne·

128 751 285 812 quaquam
306 731 477 811 praestitae
499 729 636 792 inerant.
658 729 784 791 Primus
802 729 870 820 init
890 729 1136 810 Episcopus
1166 729 1252 792 Lat.

85 837 87 841 ’
128 839 212 900 nit.
243 835 742 916 Magno-Varadinensis
774 834 1032 897 Franciscns
1059 833 1253 918 Laitsik,

129 944 183 1023 qui
205 941 407 1003 matrimonia
430 960 549 1021 sponso
565 939 773 1019 Acatholico,
797 946 832 1014 et,
850 958 969 1017 sponsa
986 939 1172 1020 catholica,
1190 960 1254 1002 non

129 1051 259 1110 obtenta
281 1045 387 1108 valida
408 1026 578 1126 sponsione
600 1046 641 1108 de
662 1045 808 1129 prolibus
831 1045 995 1125 utriusque
1016 1064 1112 1107 sexus
1142 1047 1253 1108 catho-

128 1152 191 1216 lice
216 1150 408 1230 edncandis,
431 1143 618 1230 prd'miscne'
633 1150 843 1213 benedicendi
866 1149 1130 1214 consuetudinem
1162 1152 1254 1214 iden·
1377 1155 1380 1162 '

130 1258 233 1321 tidem
257 1256 460 1339 expendens,
488 1264 519 1317 et
549 1259 764 1318 conscientiae
794 1276 870 1318 snae
901 1275 1037 1336 angores
1065 1256 1160 1319 ferre
1183 1258 1256 1320 diu·
1383 1289 1386 1293 v

127 1367 196 1426 tius
218 1384 281 1425 non
304 1361 433 1441 valens,
456 1361 714 1426 Allocattiouibus
745 1362 866 1424 Summi
898 1362 1066 1424 Pontificis
1095 1364 1129 1424 in
1160 1383 1278 1427 eansn‘

128 1470 304 1533 Berussica
326 1468 526 1547 admonitus,
549 1473 581 1529 et
602 1467 716 1529 moniti
738 1468 771 1530 S.
802 1464 915 1529 Pauli:
956 1464 1163 1548 „depositum
1201 1488 1256 1530 cn-

130 1574 241 1638 stodi''
262 1594 384 1635 memor
399 1574 588 1652 ,Literas
612 1570 860 1636 Pastorales
883 1570 937 1634 dd.
962 1577 1011 1635 15.
1027 1574 1147 1636 Martii
1164 1579 1257 1637 1839.

130 1680 175 1751 ad
204 1678 362 1760 Populum
393 1681 623 1742 Dioecesanum
654 1679 795 1740 dimisitz
825 1680 859 1740 in
888 1679 993 1759 iisqne
1021 1680 1257 1741 institutionem
1319 1752 1321 1759 Ι

128 1787 164 1848 Ιιι
186 1805 222 1846 re
244 1786 524 1873 matrimoniorum
548 1786 664 1846 rnixtae
686 1782 872 1863 religionis,
901 1803 962 1862 qua
993 1783 1195 1847 essentialem
1227 1794 1259 1848 et
1319 1762 1324 1773 l

129 1892 371 1978 constitutivam
393 1892 565 1952 Doctrinae
588 1889 683 1952 Fidei
715 1888 902 1951 Catholicae
932 1893 1075 1969 partein,
1107 1889 1257 1964 fidelibus

132 1995 297 2076 spirituali
319 2016 395 2058 snae
417 2015 510 2058 curae
532 1995 710 2056 commissis
733 1994 795 2054 hoc
815 1997 1004 2074 praesertim
1028 2003 1170 2078 tempore
1186 2017 1259 2077 gra·

132 2102 275 2162 cissimis
300 2121 337 2163 ex
357 2103 538 2163 rationibus
562 2121 681 2163 summe
711 2102 945 2185 necessariam,
975 2103 1157 2182 impertitus
1186 2109 1259 2182 est,

133 2227 228 2286 quam
251 2208 345 2269 etiam
368 2228 427 2288 per
448 2207 609 2269 Parachos
642 2205 682 2267 ad
711 2225 907 2268 communem
942 2209 1082 2269 omnium
1112 2209 1259 2271 notitiam

134 2311 243 2374 medio
274 2312 421 2394 publicae
453 2334 490 2374 ex
519 2314 617 2375 Sacro
656 2317 809 2393 suggestu
838 2314 1093 2375 annunciationis
1122 2314 1261 2397 perferri

91 2398 94 2405 ⁵
133 2419 251 2479 iussit:
274 2419 374 2497 probe
397 2420 615 2501 perspiciens,
638 2421 792 2500 privatam
824 2424 855 2480 et
888 2418 977 2498 quasi
1009 2417 1199 2482 occultatam
1226 2421 1259 2481 in

134 2524 199 2584 hoe
222 2520 404 2604 Religionis
427 2511 557 2603 negotio
579 2524 694 2603 agendi
715 2525 874 2585 rationem
895 2530 983 2585 certo
1006 2525 1125 2586 certius
1155 2526 1260 2606 suspi-

135 2629 261 2690 cionem
284 2638 315 2690 et
335 2628 589 2708 inquietudinem
617 2629 711 2690 aliter
742 2629 947 2690 sentientium
978 2630 1195 2692 excitaturum.
1225 2631 1259 2692 ln

98 2716 100 2723 ¹
137 2732 362 2797 Pastoralibus
394 2735 445 2795 his
483 2735 601 2796 Literis
642 2729 832 2815 Apostolico
866 2731 938 2794 zelo
969 2729 1083 2812 plenus
1107 2728 1259 2815 Praesnl',

134 2824 251 2900 fideles
270 2859 347 2901 suos
371 2859 480 2900 sacrae
503 2840 662 2901 unctionis
685 2837 780 2919 plena
797 2857 873 2898 voce
891 2845 923 2899 et
947 2835 1097 2902 libertate
1123 2839 1260 2903 catholi-

141 2967 180 3027 ca
195 2946 344 3006 instruite
375 2944 516 3006 foederis
541 2941 735 3024 coniugalis,
771 2940 856 3024 quod
887 2945 955 3005 ileo
991 2941 1135 3024 placeat,
1161 2950 1193 3007 et
1220 2946 1262 3008 ad

137 3049 274 3115 salutem
293 3051 420 3133 'animae
443 3049 559 3129 ducat,
589 3053 724 3132 primam
752 3050 1017 3136 praecipuamque
1046 3049 1261 3115 conditionem
1378 3118 1383 3127 ,

139 3176 212 3219 esse
233 3158 307 3247 lidae·
323 3161 496 3231 unitatem
520 3177 577 3216 nec
601 3176 698 3234 posse
722 3153 901 3216 Ecclesiam
923 3152 1011 3215 aliud
1039 3154 1153 3218 foedus
1185 3177 1262 3221 con·
1329 3179 1331 3183 ·

140 3259 249 3342 iugale
270 3268 412 3323 materno
437 3282 506 3323 cum
537 3242 655 3342 gaudio
687 3261 824 3335 intueri,
854 3258 968 3341 illique
1001 3262 1262 3327 sacramentalem

137 3387 227 3430 suam
248 3367 505 3429 benedictionem
526 3368 703 3448 impertiri,
736 3386 829 3446 quam
860 3386 912 3428 ex,
930 3386 991 3447 qno
1013 3373 1079 3428 tum
1107 3369 1185 3431 iidei
1207 3390 1259 3430 ve-

135 3494 192 3535 rae
216 3472 408 3550 custodiam,
441 3479 508 3533 tuin
538 3491 630 3533 verae
657 3470 825 3550 religionis
842 3474 1128 3534 ,conservationem
1159 3480 1191 3534 et
1211 3476 1262 3535 in-

137 3586 332 3640 crementum
356 3585 486 3666 sperare
508 3575 601 3650 licet;
624 3594 721 3656 porro
750 3578 861 3636 tristes
892 3586 983 3638 matr.
1018 3579 1188 3639 mixtorum
1212 3599 1262 3641 es-

135 3680 248 3765 quelas
278 3689 343 3745 tam
372 3689 521 3763 respectu
560 3681 728 3742 felicitatis
761 3681 930 3760 coniugum
960 3689 1107 3744 aeternae
1138 3704 1175 3746 ac
1203 3682 1263 3746 do·
1306 3716 1310 3725 .

131 3791 306 3868 manticae,
330 3809 422 3869 quam
453 3787 554 3849 relate
587 3785 628 3849 ad
659 3784 843 3866 religiosam
873 3785 1093 3849 educationem
1124 3789 1262 3872 prolium

134 3895 285 3975 exponit,
319 3903 351 3955 et
382 3892 549 3956 Ecclesiae
583 3890 769 3954 Catholicae
801 3899 995 3954 constantem
1028 3891 1067 3955 de
1098 3897 1262 3958 matrimo-

134 4001 200 4063 niis
222 4000 294 4062 istis
316 4000 517 4080 reprobatis,
540 4017 597 4061 nec
618 3999 682 4059 nisi
704 3999 763 4060 sub
787 3998 884 4060 certis
916 3997 1178 4079 conditionibus,
1196 4008 1263 4064 tom

135 4107 239 4188 partis
273 4102 449 4195 catholicae
472 4112 538 4166 tum
560 4101 699 4185 prolium
730 4100 865 4166 salntem
883 4103 928 4187 'in
956 4109 1026 4166 tnto
1057 4089 1263 4191 ponentibus,

137 4210 291 4274 admissis
327 4212 500 4294 proponit,
538 4209 734 4288 candideque
774 4208 933 4272 declarate
969 4229 1062 4273 omne
1089 4209 1143 4290 id,
1176 4211 1261 4292 quod

137 4323 285 4404 praeter,
308 4323 363 4380 ant
383 4323 493 4380 contra
515 4315 597 4380 hauc
618 4312 788 4380 Ecclesiae·
804 4312 1002 4402 'Catholicae
1032 4315 1208 4379 doctrinam
1231 4323 1264 4380 ct
