2798 4838
590 252 821 357 “¹⁴²‘-

142 395 198 460 dai
219 416 345 478 semper
366 397 609 478 impertiendam
632 417 723 476 esse,
746 397 913 475 adstruit,
927 416 997 460 eam
1018 401 1084 460 non
1106 394 1191 460 aliud
1210 417 1251 460 os-

143 523 199 582 se,
223 524 316 584 quam
338 502 583 566 declarationem
606 505 643 565 en
664 510 755 583 parte
767 501 953 588 Ecclesiae,
976 504 1065 585 quod
1087 506 1252 566 noemmin·

142 616 209 670 tum
231 610 326 671 etiam
347 614 496 697 respectu
520 607 738 672 ecclesiastico
770 612 820 670 sit
834 607 993 686 validum,
1026 629 1064 672 eo
1088 601 1185 691 porro
1203 611 1254 670 iiue

141 712 308 792 adhiberi,
330 720 365 775 ut
385 732 498 794 preces
521 721 553 776 et
573 721 647 776 vota
669 715 709 777 de
731 713 947 777 conservanda
969 714 1167 777 matrimonii
1196 735 1254 776 san·

142 821 253 884 etitate
274 806 467 901 promantur.
499 819 549 882 Ad
578 827 736 882 assertum
764 827 869 882 autem
891 820 1032 900 Maelii,
1064 819 1152 901 quod
1180 827 1254 882 matr.

141 925 274 987 mixtum
295 945 365 987 eum
395 927 554 1008 promissa
583 925 770 988 educatione
799 923 1132 1006 catholica·'prolinm
1159 925 1255 987 initum
1292 998 1294 1003 .

141 1030 357 1093 characterem
378 1031 490 1094 induat
512 1033 654 1112 coniugii
676 1031 847 1111 catholici,
879 1052 916 1094 ac
937 1039 1112 1114 propterea
1141 1030 1255 1093 benedi·

142 1136 175 1198 ci
204 1137 329 1217 possit,
361 1125 514 1199 reflectitc
549 1143 624 1199 tuuc
657 1136 761 1199 solum
791 1138 1007 1199 characterem
1040 1135 1255 1199 catholieitatis

143 1242 293 1322 coniugio
325 1240 382 1303 tali
404 1242 576 1320 accedere,
607 1243 636 1304 si
668 1264 743 1324 pars
774 1241 952 1305 acatholica
981 1248 1202 1304 convertatur:
1228 1261 1256 1302 ac

141 1345 235 1428 proin
256 1366 401 1428 maguam
420 1350 454 1409 in
478 1367 516 1409 eo
539 1350 627 1409 cerni
648 1348 960 1428 inconsequentiam,
994 1347 1083 1427 quod
1115 1349 1256 1428 promissa

143 1451 333 1514 educatione
356 1451 675 1541 catholica-'prolium
691 1453 872 1515 benedictio
895 1452 1048 1534 nuptialis
1065 1455 1199 1533 suscipi,
1218 1470 1257 1513 sc-

141 1577 198 1621 cus
221 1557 372 1640 denegari
395 1544 563 1623 statuatur.
590 1592 628 1605 -
644 1562 685 1632 o)
712 1559 873 1622 Adversus
897 1578 976 1639 opus
1000 1559 1124 1621 Maelii
1147 1559 1258 1620 sirium

141 1661 296 1727 wlamum
320 1667 374 1728 Dr.
399 1665 558 1727 (latore
580 1661 654 1743 ⁸⁶5,
678 1668 1077 1742 eintyeiicmericuoqen'io
1092 1669 1259 1739 Bezichme

33 1788 41 1798 ’
140 1770 273 1845 surdas
286 1775 492 1847 theoloyisclce
517 1775 629 1832 Votum
645 1777 700 1831 des
723 1775 832 1832 Herm
861 1776 921 1830 Dr.
943 1776 1038 1831 Macte
1062 1775 1147 1832 siber
1189 1773 1257 1831 Eia·

141 1894 283 1954 menuae
311 1884 369 1938 der
399 1881 590 1954 qemtschtcn
624 1879 724 1936 Ehem
768 1877 958 1952 Ailyemea‘nc
990 1879 1256 1955 Kircaensetmns,

142 1985 338 2044 Dumnaco.
362 1987 470 2054 1840,
498 1987 565 2043 Nro
580 1983 644 2042 35.¹
660 1986 718 2041 43.
746 1986 809 2041 44.
827 1986 982 2042 zia-49.
1005 1987 1039 2040 et
1060 1981 1199 2060 primum
1220 1979 1257 2038 bl·

142 2086 263 2146 storice
285 2086 363 2148 haec
385 2087 623 2148 animadvertite
654 2084 776 2147 nullum
802 2093 926 2148 exstare
950 2084 1136 2147 conciliare
1167 2085 1256 2146 decre·

141 2195 211 2251 ium
233 2196 325 2252 matr.
353 2193 449 2253 mixta
475 2194 674 2270 prohibens,
700 2193 764 2253 uisi
795 2190 880 2253 forie
909 2191 964 2269 id,
998 2209 1062 2271 quo
1096 2189 1255 2285 communis

142 2308 214 2356 cum
236 2295 408 2383 haereticis
430 2299 463 2358 iu
486 2299 614 2378 antiqua
637 2295 782 2358 Ecclesia
807 2296 1086 2372 -interdicebaiur3
1119 2301 1194 2379 post
1215 2313 1254 2356 re-

141 2399 366 2464 formationem
387 2403 458 2464 Sec.
482 2402 565 2466 XVI.
592 2398 853 2465 favorabiliorem
885 2422 920 2464 se
951 2403 1139 2463 exhibuisse
1161 2397 1254 2464 liccle

141 2504 222 2567 siam
244 2508 419 2569 Romanam
443 2528 517 2588 erga
541 2509 697 2569 connubia
720 2509 836 2584 mixta,
860 2506 958 2568 hodie
980 2526 1055 2568 vero
1080 2509 1194 2569 siticte
1213 2524 1255 2566 nec

141 2632 321 2678 sermonem
344 2633 414 2676 esse
444 2634 541 2694 posse
565 2613 604 2674 de
636 2620 726 2674 matr.
758 2614 885 2690 uniatis,
918 2611 1077 2690 siquidem
1119 2609 1255 2674 Catholici

144 2727 177 2780 et
197 2719 417 2785 Protestantes
440 2722 472 2781 in
497 2720 672 2781 substantia
697 2720 788 2781 unius
821 2720 886 2779 sint
914 2717 1084 2796 religionis
1119 2738 1155 2779 ac
1184 2716 1256 2789 iidei,

143 2843 266 2904 unaque
289 2827 333 2887 sit
354 2828 493 2887 omnium
518 2826 711 2902 destinatio,
744 2822 876 2885 tendere
909 2820 1186 2885 ad-universalem
1212 2822 1257 2881 bo·

143 2932 264 2992 minum
285 2934 423 2993 omnium
442 2933 592 2993 unionem
609 2933 641 2992 in
658 2930 731 2991 lide.
742 2930 824 2990 Tum
841 2929 883 2990 ad
899 2928 1159 2989 benedictionem
1170 2936 1256 2989 trans-

142 3037 233 3114 iens,
264 3058 332 3098 eam
363 3037 414 3099 vei
436 3037 509 3099 ideo
541 3044 607 3098 tute
638 3036 783 3097 adhiberi
812 3053 909 3115 posse
931 3040 1057 3116 censet,
1092 3033 1178 3114 quod
1206 3051 1259 3095 sen

144 3142 245 3201 tentia
267 3141 307 3201 de
330 3143 480 3204 Ministro
500 3143 700 3205 Matrimonii
709 3139 901 3221 Presbytero
925 3137 1118 3217 antiquitate
1141 3160 1176 3201 se
1193 3156 1259 3200 com
1292 3152 1294 3165 ·

145 3243 289 3324 mandet,
312 3247 417 3325 sitque
438 3247 675 3322 verosimilior3
707 3267 725 3307 e
748 3252 857 3306 contra
881 3247 1067 3307 assistentia
1096 3247 1258 3327 passionei

149 3351 251 3411 minus
273 3357 358 3414 recia
382 3355 441 3431 sit,
475 3361 506 3416 et
534 3355 632 3417 statui
656 3351 856 3414 Sacerdotali
888 3350 1031 3431 deroget.
1065 3353 1200 3413 Demum
1218 3348 1259 3408 ob
1292 3398 1294 3405 .

145 3461 267 3519 servat:
290 3456 451 3525 Maelium
474 3461 537 3521 sibi
559 3458 808 3545 contradixisse,
841 3456 916 3518 dum
938 3458 1101 3519 asseruit:
1134 3476 1191 3537 per
1217 3455 1257 3514 be·
1290 3466 1294 3547 ,¹

145 3561 356 3626 sedictionem
380 3564 541 3646 designari
573 3563 837 3645 adprobationem
868 3569 960 3625 mair.
985 3564 1086 3624 'mixti
1122 3583 1160 3623 ex
1188 3563 1256 3641 parte
1292 3570 1294 3629 l

149 3669 335 3749 Ecclesiae,
367 3681 398 3733 et
420 3679 535 3734 tamen'
555 3678 646 3732 mair.
670 3671 765 3730 mixta
795 3688 867 3728 oum
899 3669 1060 3749 promissa
1092 3667 1256 3730 educatione
1291 3658 1294 3723 i

145 3775 303 3837 catholica
324 3776 463 3856 prolium
483 3779 564 3839 inita
587 3775 732 3838 benedici
754 3792 852 3855 posse
877 3771 996 3834 docuit.
1049 3781 1052 3785 '

248 3884 425 3946 asc—358.
458 3881 731 3964 Quemadmodum
753 3878 905 3944 Maskin
928 3873 1253 3960 Wiirtembergia,ii²
1291 3868 1294 3955 ξ

145 3984 229 4044 los.
253 3985 529 4068 igu.'Ritter,
560 3987 732 4049 Professor
755 3994 786 4049 et
809 3986 992 4048 canonicus
1016 3977 1252 4049 Vratislavieusii

145 4088 180 4148 in
200 4090 375 4169 borussiae,
398 4100 463 4173 'per
483 4093 602 4155 librum
624 4113 717 4154 surum
748 4111 785 4152 ex
807 4090 963 4154 incidenti
985 4097 1153 4155 eventuum
1177 4081 1250 4152 calo

1290 4168 1294 4237 l

222 4300 287 4365 866)
307 4307 340 4356 ci.
359 4299 381 4368 d.
400 4304 461 4358 206.
480 4306 530 4357 No.
549 4307 609 4359 198.
630 4313 663 4356 et.
683 4299 706 4367 h.
725 4304 788 4357 219:
805 4305 855 4355 No.
875 4303 939 4359 349.
