2798 4838
556 248 788 320 -221-

115 392 167 454 esi
191 397 296 474 tamen
318 392 465 472 Spirensi
486 393 658 457 memoriae
679 392 841 474 proditum
864 398 933 473 est,
961 392 1032 460 illic
1062 397 1157 460 etiam
1187 397 1233 460 si·

113 515 137 558 te
160 499 293 560 obtenta
315 496 431 561 morali
461 498 653 561 certitudine
684 499 724 561 de
746 498 905 562 catholice
928 499 1104 568 educandis
1130 499 1234 588 pruli-

113 623 159 665 ιιιι
184 605 284 666 mixta
306 605 507 668 matrimonia
529 604 698 667 benedicta
720 604 832 669 inisse.
849 600 915 680 ⁴²⁵)

205 709 249 770 At
259 711 414 791 Regimen
432 712 524 772 Brevi
544 712 717 772 Pontificio
740 731 803 773 nou
826 718 902 785 erat,
916 717 1122 793 contentum,
1145 710 1234 794 quod

113 833 164 874 ron
188 814 287 876 modo
312 815 473 896 copulatio
492 797 757 896 benedictioque,
787 833 894 880 verum
916 825 947 880 et
963 817 1234 899 proclamationes

113 919 280 1000 iteraeque
303 921 536 985 dimissoriales
560 943 597 985 eo
631 924 886 1002 prohiberentur.
918 924 1000 986 Hinc
1030 943 1145 1004 magua
1177 922 1235 986 ad·

113 1044 217 1086 uersus
239 1028 341 1090 Breve
363 1030 550 1091 movebatur
571 1035 766 1118 tempesias,
796 1030 1006 1111 hominesque
1035 1029 1074 1092 de
1097 1031 1235 1093 sanctis-

113 1131 184 1191 rima
210 1132 379 1196 Ecclesiae
402 1130 574 1215 disciplina
598 1143 628 1197 et
649 1134 776 1216 legibus
792 1133 875 1198 male
889 1136 1084 1216 sentientes,
1106 1133 1154 1198 nil
1171 1155 1236 1198 non

113 1235 341 1321 noliehautur,
373 1249 407 1302 ut
429 1241 532 1302 denuo
563 1241 777 1304 omnimodam
799 1244 966 1304 mixtarum
987 1244 1171 1323 nuptiarum
1194 1238 1238 1304 li·

113 1348 264 1405 rertatem
287 1345 450 1425 foverent,
473 1350 663 1426 praesertim
692 1349 726 1408 iu
756 1345 825 1410 illis
847 1349 951 1428 Regni
981 1349 1150 1429 partibus,
1180 1347 1238 1411 ubl

113 1449 361 1514 Protestantium
382 1455 485 1516 maior
514 1452 566 1516 vel
595 1459 681 1516 certe
713 1452 856 1535 aequalis
879 1475 950 1516 cum
973 1450 1153 1516 Catholicis
1175 1451 1239 1516 tuit
1277 1532 1281 1540 ³

113 1574 258 1618 uumerus
278 1553 365 1634 4²⁷);
397 1579 494 1638 quare
522 1561 592 1642 ipso
618 1561 706 1640 llege
732 1566 863 1623 auctore
889 1560 1047 1641 Episcopi
1071 1558 1174 1620 denuo
1196 1555 1240 1621 ad
1324 1614 1330 1625 .

113 1664 224 1726 Sedem
246 1663 471 1746 Apostolicam
493 1672 716 1744 recurrerunt,
746 1684 879 1746 remque
900 1666 934 1741 in
955 1666 1090 1728 Bavaria
1113 1683 1150 1725 eo
1168 1665 1239 1746 Jam

113 1770 295 1850 deuenisse,
320 1770 406 1850 quod
429 1792 467 1832 ex
487 1772 558 1851 ipsa
582 1771 826 1833 Ordinariorum
847 1756 881 1831 iu
903 1769 1123 1832 custodiendis
1141 1768 1238 1833 Sedis

114 1875 316 1958 Apostolicae
340 1878 557 1951 decisionibus
578 1876 809 1958 promtitudine
838 1876 984 1938 homines
1012 1874 1095 1938 male
1116 1877 1239 1938 anima-

115 1983 137 2042 ii
157 1984 359 2044 occasionem
391 1984 565 2045 sumserint
592 1980 795 2063 Religionem
818 1979 1019 2044 catholicam
1047 1983 1154 2045 acrium
1188 1980 1238 2044 di·

116 2086 261 2164 rexaudi,
291 2086 519 2169 Ecclesiaeque
542 2089 764 2153 auctoritatem
794 2089 827 2148 in
849 2086 1002 2150 invidiam
1033 2092 1065 2149 et
1097 2093 1243 2151 coutem·.

117 2200 175 2256 tum
198 2192 401 2273 adducendi,
425 2199 654 2276 exposuerunt,
678 2213 868 2274 sensumque
891 2192 985 2256 Sedis
1007 2195 1170 2258 Romanae
1193 2192 1235 2257 de

118 2301 247 2362 tenenda
279 2302 404 2363 ratione
435 2302 468 2362 in
500 2306 588 2363 tauta
616 2300 740 2380 negotii
769 2296 964 2363 difficultate
995 2307 1237 2384 temporumque

119 2410 285 2488 asperitate
309 2405 524 2488 postularunt.

213 2513 280 2574 Nec
302 2511 434 2575 deerant
454 2531 536 2573 nova
558 2513 700 2594 proiecta
728 2531 747 2574 a
769 2498 987 2594 singularibus
1017 2512 1096 2575 viris
1126 2517 1159 2575 et
1178 2528 1240 2594 po·

116 2617 210 2683 liticis
233 2618 448 2682 tribunalibus
470 2619 658 2699 proposita,
681 2623 777 2698 atque
800 2637 838 2679 eo
861 2617 1045 2701 tendentia,
1072 2625 1109 2680 ut
1129 2619 1240 2699 praxis

118 2725 200 2789 Cleri
224 2728 310 2788 circa
332 2730 424 2786 matr.
454 2725 553 2785 mixta
575 2725 751 2785 canonibus
776 2723 897 2801 sacris,
920 2724 1165 2803 Pontificiisque
1186 2741 1241 2784 re·

117 2834 246 2913 scriptis
269 2831 443 2894 conformis
466 2830 669 2909 traducatur,
695 2834 727 2890 et
748 2834 908 2908 tamquam
927 2829 1159 2891 Constitutioui
1175 2828 1243 2890 Rc-

116 2940 167 3019 gni
187 2937 323 3001 adversa
344 2935 568 3019 proclametur.
600 2919 688 2998 lnlcr
714 2934 795 2996 haec
818 2934 962 3015 proiecta
983 2953 1079 2996 unum
1101 2953 1242 3025 comme·

116 3065 295 3123 mutamus,
319 3043 407 3125 quod
429 3043 625 3104 Guberuium
649 3039 929 3103 (lirculillhenani
951 3038 1006 3101 dd.
1030 3045 1058 3102 6.
1068 3039 1133 3102 Jul.
1147 3043 1241 3102 1333.

116 3139 300 3231 proposuit:
326 3158 360 3210 ut
380 3149 529 3210 nimirum
550 3145 712 3228 legislatio
742 3145 846 3210 civilis
870 3144 1016 3230 Gallica,
1045 3165 1126 3227 quae
1148 3152 1242 3208 antea

118 3257 147 3317 in
171 3254 301 3320 circulo
326 3259 390 3317 isto
413 3255 533 3335 viguit,
556 3253 744 3333 revehatur,
775 3259 807 3316 ei
828 3254 984 3315 connubia
1006 3271 1113 3314 curam
1136 3251 1243 3333 Magi-

121 3370 218 3425 stratu
239 3361 378 3425 Politico
400 3362 565 3438 ineantur,
588 3361 790 3439 partiumque
819 3359 1075 3421 contrahentium
1106 3358 1241 3446 arbitrio

122 3468 331 3550 relinquatur,
355 3488 394 3530 au
416 3466 671 3529 benedictionem
689 3465 873 3546 Presbyteri
895 3466 1041 3544 recipere
1062 3461 1162 3525 velint
1182 3482 1242 3524 uec
1324 3502 1326 3505 .

126 3577 181 3636 ne‘l
203 3583 276 3655 aut,
309 3573 337 3636 si
367 3573 403 3634 id
430 3594 492 3633 nou
522 3569 684 3654 placeret,
713 3571 865 3632 insensu
894 3571 1031 3651 projecti
1059 3565 1243 3630 Comitialis

130 3683 190 3743 anni
213 3687 307 3743 1831.
339 3679 472 3761 parochi
494 3697 553 3758 per
576 3677 863 3757 sequestrationem
893 3678 1049 3737 bonorum
1081 3680 1243 3755 tempora-

131 3779 196 3849 lium
226 3786 268 3852 ad
297 3784 540 3865 impertiendam
567 3782 840 3860 benedictionem,
872 3779 1035 3843 Ordinarii
1067 3785 1173 3842 autem
1202 3777 1245 3843 ad

134 3891 335 3956 retractandas
359 3912 431 3953 suas
462 3873 679 3952 ordinationes
710 3888 916 3968 stringantur.
932 3880 997 3960 428)
1034 3887 1069 3975 Ιιι
1091 3886 1243 3948 Comitiis

136 4009 241 4079 quoque
273 3999 347 4060 anni
372 4001 463 4059 1834.
494 4016 621 4058 rursum
643 3995 763 4076 agitata
792 3994 916 4056 exstitit
938 3994 1084 4074 quaestio
1108 3991 1244 4075 derpra·

141 4102 374 4128 S...—

190 4157 256 4223 426)
277 4162 310 4210 ci.
329 4158 564 4236 Aschoffeoborper
577 4153 737 4204 totbolische
752 4147 1125 4213 urreueuzestoaa.1sau.o.
1143 4147 1208 4203 199.
1214 4149 1244 4212 17.

192 4249 257 4315 127)
276 4253 310 4301 ci.
330 4252 404 4302 Sion.
423 4250 567 4310 Aopsboro.
587 4243 675 4297 1333.
695 4246 745 4294 Νο.
765 4241 811 4294 14.

195 4343 258 4410 123)
278 4345 312 4396 ci.
331 4342 467 4397 liotbois'i.
487 4336 533 4391 52.
554 4342 585 4390 B.
606 4334 694 4390 18³4.
713 4350 738 4395 o.
758 4332 827 4388 303.
