<?xml version="1.0" encoding="UTF-8"?>
<!DOCTYPE html PUBLIC "-//W3C//DTD XHTML 1.0 Transitional//EN"
    "http://www.w3.org/TR/xhtml1/DTD/xhtml1-transitional.dtd">
<html xmlns="http://www.w3.org/1999/xhtml" xml:lang="en" lang="en">
 <head>
  <title>
</title>
<meta http-equiv="Content-Type" content="text/html;charset=utf-8" />
  <meta name='ocr-system' content='tesseract 3.04.00' />
  <meta name='ocr-capabilities' content='ocr_page ocr_carea ocr_par ocr_line ocrx_word'/>
</head>
<body>
  <div class='ocr_page' id='page_1' title='image "./dematrimoniismi01roskgoog_0307.png"; bbox 0 0 2798 4838; ppageno 0'>
   <div class='ocr_carea' id='block_1_1' title="bbox 56 410 1262 2077">
    <p class='ocr_par' dir='ltr' id='par_1_1' title="bbox 56 410 1262 2077">
     <span class='ocr_line' id='line_1_1' title="bbox 120 410 1246 496; baseline -0.001 -21"><span class='ocrx_word' id='word_1_1' title='bbox 120 423 152 477; x_wconf 89' lang='lat' dir='ltr'><strong>et</strong></span> <span class='ocrx_word' id='word_1_2' title='bbox 174 414 261 496; x_wconf 78' lang='lat' dir='ltr'><strong>leges</strong></span> <span class='ocrx_word' id='word_1_3' title='bbox 278 410 392 474; x_wconf 80' lang='lat' dir='ltr'><strong>civiles</strong></span> <span class='ocrx_word' id='word_1_4' title='bbox 418 412 604 473; x_wconf 81' lang='lat' dir='ltr'><strong>borussleas</strong></span> <span class='ocrx_word' id='word_1_5' title='bbox 635 410 675 472; x_wconf 87' lang='lat' dir='ltr'><strong>ud</strong></span> <span class='ocrx_word' id='word_1_6' title='bbox 699 412 847 492; x_wconf 88' lang='lat' dir='ltr'><strong>Magnum</strong></span> <span class='ocrx_word' id='word_1_7' title='bbox 871 411 1089 494; x_wconf 77' lang='lat' dir='ltr'><strong>l&#39;rluelpatum</strong></span> <span class='ocrx_word' id='word_1_8' title='bbox 1125 411 1246 474; x_wconf 81' lang='lat' dir='ltr'><strong>Poena·</strong></span> 
     </span>
     <span class='ocr_line' id='line_1_2' title="bbox 118 516 1245 597; baseline -0.002 -17"><span class='ocrx_word' id='word_1_9' title='bbox 118 522 259 582; x_wconf 86' lang='lat' dir='ltr'><strong>niensern</strong></span> <span class='ocrx_word' id='word_1_10' title='bbox 283 522 448 592; x_wconf 79' lang='lat' dir='ltr'><strong>extensas,</strong></span> <span class='ocrx_word' id='word_1_11' title='bbox 478 537 515 578; x_wconf 81' lang='lat' dir='ltr'><strong>ex</strong></span> <span class='ocrx_word' id='word_1_12' title='bbox 546 517 667 597; x_wconf 86' lang='lat' dir='ltr'><strong>hacque</strong></span> <span class='ocrx_word' id='word_1_13' title='bbox 699 518 907 597; x_wconf 79' lang='lat' dir='ltr'><strong>repugnantia</strong></span> <span class='ocrx_word' id='word_1_14' title='bbox 940 517 1064 579; x_wconf 92' lang='lat' dir='ltr'><strong>derivat</strong></span> <span class='ocrx_word' id='word_1_15' title='bbox 1085 516 1245 579; x_wconf 80' lang='lat' dir='ltr'><strong>difformi-</strong></span> 
     </span>
     <span class='ocr_line' id='line_1_3' title="bbox 117 620 1244 704; baseline -0.004 -19"><span class='ocrx_word' id='word_1_16' title='bbox 117 631 213 687; x_wconf 80' lang='lat' dir='ltr'>tatem</span> <span class='ocrx_word' id='word_1_17' title='bbox 244 624 277 686; x_wconf 93' lang='lat' dir='ltr'><strong>in</strong></span> <span class='ocrx_word' id='word_1_18' title='bbox 308 625 398 704; x_wconf 81' lang='lat' dir='ltr'><strong>praxi</strong></span> <span class='ocrx_word' id='word_1_19' title='bbox 429 624 462 684; x_wconf 91' lang='grc' dir='ltr'><strong>ιι</strong></span> <span class='ocrx_word' id='word_1_20' title='bbox 493 621 654 683; x_wconf 83' lang='lat' dir='ltr'><strong>nonnullis</strong></span> <span class='ocrx_word' id='word_1_21' title='bbox 686 620 767 684; x_wconf 88' lang='lat' dir='ltr'><strong>locis</strong></span> <span class='ocrx_word' id='word_1_22' title='bbox 797 623 965 702; x_wconf 86' lang='lat' dir='ltr'><strong>vigentem.</strong></span> <span class='ocrx_word' id='word_1_23' title='bbox 1000 626 1033 696; x_wconf 92' lang='grc' dir='ltr'><strong>ι)</strong></span> <span class='ocrx_word' id='word_1_24' title='bbox 1058 623 1122 685; x_wconf 84' lang='lat' dir='ltr'><strong>l&#39;er</strong></span> <span class='ocrx_word' id='word_1_25' title='bbox 1144 623 1244 685; x_wconf 88' lang='lat' dir='ltr'><strong>Breve</strong></span> 
     </span>
     <span class='ocr_line' id='line_1_4' title="bbox 118 726 1244 808; baseline -0.004 -16"><span class='ocrx_word' id='word_1_26' title='bbox 118 732 168 793; x_wconf 84' lang='lat' dir='ltr'><strong>l&#39;il</strong></span> <span class='ocrx_word' id='word_1_27' title='bbox 194 729 275 792; x_wconf 89' lang='lat' dir='ltr'><strong>Vlll.</strong></span> <span class='ocrx_word' id='word_1_28' title='bbox 307 749 389 791; x_wconf 89' lang='lat' dir='ltr'><strong>anno</strong></span> <span class='ocrx_word' id='word_1_29' title='bbox 424 731 514 789; x_wconf 69' lang='lat'>1834.</span> <span class='ocrx_word' id='word_1_30' title='bbox 547 726 740 808; x_wconf 91' lang='lat' dir='ltr'><strong>publicatum</strong></span> <span class='ocrx_word' id='word_1_31' title='bbox 781 729 918 790; x_wconf 74' lang='lat' dir='ltr'><strong>(lirratus</strong></span> <span class='ocrx_word' id='word_1_32' title='bbox 961 748 1071 790; x_wconf 91' lang='lat' dir='ltr'><strong>omnes</strong></span> <span class='ocrx_word' id='word_1_33' title='bbox 1103 733 1244 790; x_wconf 86' lang='lat' dir='ltr'><strong>attentos</strong></span> 
     </span>
     <span class='ocr_line' id='line_1_5' title="bbox 118 832 1244 915; baseline -0.003 -17"><span class='ocrx_word' id='word_1_34' title='bbox 118 835 263 898; x_wconf 88' lang='lat' dir='ltr'><strong>redditos</strong></span> <span class='ocrx_word' id='word_1_35' title='bbox 287 836 334 896; x_wconf 86' lang='lat' dir='ltr'><strong>ait</strong></span> <span class='ocrx_word' id='word_1_36' title='bbox 361 833 403 895; x_wconf 91' lang='lat' dir='ltr'><strong>ad</strong></span> <span class='ocrx_word' id='word_1_37' title='bbox 425 834 583 915; x_wconf 87' lang='lat' dir='ltr'><strong>principia</strong></span> <span class='ocrx_word' id='word_1_38' title='bbox 608 832 791 911; x_wconf 74' lang='lat' dir='ltr'>Ecclesiae,</span> <span class='ocrx_word' id='word_1_39' title='bbox 824 835 981 915; x_wconf 81' lang='lat' dir='ltr'><strong>aquibus</strong></span> <span class='ocrx_word' id='word_1_40' title='bbox 1009 852 1244 913; x_wconf 71' lang='lat' dir='ltr'><strong>nonnumquam</strong></span> 
     </span>
     <span class='ocr_line' id='line_1_6' title="bbox 120 938 1247 1020; baseline -0.003 -17"><span class='ocrx_word' id='word_1_41' title='bbox 120 941 325 1003; x_wconf 81' lang='lat' dir='ltr'><strong>deviaverint.</strong></span> <span class='ocrx_word' id='word_1_42' title='bbox 365 938 402 1010; x_wconf 94' lang='lat' dir='ltr'><strong>d)</strong></span> <span class='ocrx_word' id='word_1_43' title='bbox 429 938 586 1020; x_wconf 84' lang='lat' dir='ltr'><strong>Proponit</strong></span> <span class='ocrx_word' id='word_1_44' title='bbox 618 959 794 1001; x_wconf 74' lang='lat' dir='ltr'><strong>suescunt</strong></span> <span class='ocrx_word' id='word_1_45' title='bbox 820 939 969 1001; x_wconf 85' lang='lat' dir='ltr'><strong>Ministro</strong></span> <span class='ocrx_word' id='word_1_46' title='bbox 993 938 1109 1002; x_wconf 83' lang='lat' dir='ltr'><strong>Cultus</strong></span> <span class='ocrx_word' id='word_1_47' title='bbox 1140 959 1247 1003; x_wconf 87' lang='lat' dir='ltr'><strong>corre·</strong></span> 
     </span>
     <span class='ocr_line' id='line_1_7' title="bbox 121 1033 1262 1129; baseline 0 -20"><span class='ocrx_word' id='word_1_48' title='bbox 121 1046 348 1129; x_wconf 88' lang='lat' dir='ltr'><strong>spondentlas,</strong></span> <span class='ocrx_word' id='word_1_49' title='bbox 379 1043 598 1124; x_wconf 84' lang='lat' dir='ltr'><strong>compluresve</strong></span> <span class='ocrx_word' id='word_1_50' title='bbox 637 1046 722 1106; x_wconf 87' lang='lat' dir='ltr'><strong>iusto</strong></span> <span class='ocrx_word' id='word_1_51' title='bbox 761 1046 939 1108; x_wconf 78' lang='lat' dir='ltr'>severiores</span> <span class='ocrx_word' id='word_1_52' title='bbox 973 1033 1199 1126; x_wconf 75' lang='lat' dir='ltr'><strong>expressiones</strong></span> <span class='ocrx_word' id='word_1_53' title='bbox 1229 1065 1262 1109; x_wconf 84' lang='grc' dir='ltr'><strong>ι.</strong></span> 
     </span>
     <span class='ocr_line' id='line_1_8' title="bbox 122 1148 1248 1224; baseline -0.003 -9"><span class='ocrx_word' id='word_1_54' title='bbox 122 1153 272 1215; x_wconf 86' lang='lat' dir='ltr'><strong>Ministro</strong></span> <span class='ocrx_word' id='word_1_55' title='bbox 294 1149 446 1214; x_wconf 83' lang='lat' dir='ltr'><strong>adversus</strong></span> <span class='ocrx_word' id='word_1_56' title='bbox 469 1169 503 1211; x_wconf 92' lang='lat' dir='ltr'><strong>se</strong></span> <span class='ocrx_word' id='word_1_57' title='bbox 526 1148 687 1212; x_wconf 84' lang='lat' dir='ltr'><strong>adhibitas</strong></span> <span class='ocrx_word' id='word_1_58' title='bbox 710 1171 780 1213; x_wconf 92' lang='lat' dir='ltr'><strong>cnm</strong></span> <span class='ocrx_word' id='word_1_59' title='bbox 803 1148 915 1212; x_wconf 92' lang='lat' dir='ltr'><strong>dolore</strong></span> <span class='ocrx_word' id='word_1_60' title='bbox 938 1157 1104 1213; x_wconf 82' lang='lat' dir='ltr'><strong>memorat.</strong></span> <span class='ocrx_word' id='word_1_61' title='bbox 1134 1153 1167 1224; x_wconf 94' lang='lat' dir='ltr'><strong>e)</strong></span> <span class='ocrx_word' id='word_1_62' title='bbox 1190 1153 1248 1215; x_wconf 82' lang='lat' dir='ltr'><strong>Ar·</strong></span> 
     </span>
     <span class='ocr_line' id='line_1_9' title="bbox 122 1254 1248 1338; baseline -0.001 -19"><span class='ocrx_word' id='word_1_63' title='bbox 122 1263 288 1338; x_wconf 86' lang='lat' dir='ltr'><strong>gumenta,</strong></span> <span class='ocrx_word' id='word_1_64' title='bbox 312 1275 392 1337; x_wconf 83' lang='lat' dir='ltr'><strong>quae</strong></span> <span class='ocrx_word' id='word_1_65' title='bbox 416 1255 565 1318; x_wconf 88' lang='lat' dir='ltr'><strong>Minister</strong></span> <span class='ocrx_word' id='word_1_66' title='bbox 588 1255 631 1316; x_wconf 88' lang='lat' dir='ltr'><strong>ad</strong></span> <span class='ocrx_word' id='word_1_67' title='bbox 653 1254 801 1318; x_wconf 84' lang='lat' dir='ltr'><strong>tuendam</strong></span> <span class='ocrx_word' id='word_1_68' title='bbox 823 1277 913 1318; x_wconf 89' lang='lat' dir='ltr'><strong>suam</strong></span> <span class='ocrx_word' id='word_1_69' title='bbox 935 1257 1126 1319; x_wconf 87' lang='lat' dir='ltr'><strong>sententiam</strong></span> <span class='ocrx_word' id='word_1_70' title='bbox 1158 1256 1248 1319; x_wconf 89' lang='lat' dir='ltr'><strong>adbi-</strong></span> 
     </span>
     <span class='ocr_line' id='line_1_10' title="bbox 121 1347 1247 1443; baseline 0 -19"><span class='ocrx_word' id='word_1_71' title='bbox 121 1364 210 1443; x_wconf 87' lang='lat' dir='ltr'><strong>buit,</strong></span> <span class='ocrx_word' id='word_1_72' title='bbox 232 1361 273 1424; x_wconf 89' lang='lat' dir='ltr'><strong>ad</strong></span> <span class='ocrx_word' id='word_1_73' title='bbox 296 1361 360 1423; x_wconf 88' lang='lat' dir='ltr'><strong>duo</strong></span> <span class='ocrx_word' id='word_1_74' title='bbox 384 1381 504 1423; x_wconf 87' lang='lat' dir='ltr'><strong>summa</strong></span> <span class='ocrx_word' id='word_1_75' title='bbox 527 1363 633 1439; x_wconf 84' lang='lat' dir='ltr'><strong>capita</strong></span> <span class='ocrx_word' id='word_1_76' title='bbox 654 1347 857 1441; x_wconf 79' lang='lat' dir='ltr'><strong>reducendo,</strong></span> <span class='ocrx_word' id='word_1_77' title='bbox 880 1362 1029 1424; x_wconf 90' lang='lat' dir='ltr'><strong>nimirum</strong></span> <span class='ocrx_word' id='word_1_78' title='bbox 1048 1361 1134 1443; x_wconf 87' lang='lat' dir='ltr'><strong>quod</strong></span> <span class='ocrx_word' id='word_1_79' title='bbox 1152 1364 1247 1425; x_wconf 84' lang='lat' dir='ltr'>Breve</span> 
     </span>
     <span class='ocr_line' id='line_1_11' title="bbox 122 1464 1244 1548; baseline -0.003 -17"><span class='ocrx_word' id='word_1_80' title='bbox 122 1469 175 1531; x_wconf 90' lang='lat' dir='ltr'><strong>Pii</strong></span> <span class='ocrx_word' id='word_1_81' title='bbox 198 1467 280 1531; x_wconf 88' lang='lat' dir='ltr'><strong>Vlll.</strong></span> <span class='ocrx_word' id='word_1_82' title='bbox 302 1464 351 1529; x_wconf 88' lang='lat' dir='ltr'><strong>ad</strong></span> <span class='ocrx_word' id='word_1_83' title='bbox 372 1465 460 1528; x_wconf 93' lang='lat' dir='ltr'><strong>solos</strong></span> <span class='ocrx_word' id='word_1_84' title='bbox 483 1468 661 1548; x_wconf 82' lang='lat' dir='ltr'><strong>Bpiseopos</strong></span> <span class='ocrx_word' id='word_1_85' title='bbox 685 1469 857 1529; x_wconf 88' lang='lat' dir='ltr'><strong>llbenanos</strong></span> <span class='ocrx_word' id='word_1_86' title='bbox 889 1467 1136 1546; x_wconf 82' lang='lat' dir='ltr'><strong>directum&#39;sit,</strong></span> <span class='ocrx_word' id='word_1_87' title='bbox 1166 1468 1244 1530; x_wconf 90' lang='lat' dir='ltr'><strong>etin</strong></span> 
     </span>
     <span class='ocr_line' id='line_1_12' title="bbox 123 1571 1241 1653; baseline -0.002 -17"><span class='ocrx_word' id='word_1_88' title='bbox 123 1573 272 1637; x_wconf 88' lang='lat' dir='ltr'><strong>Bioeeesi</strong></span> <span class='ocrx_word' id='word_1_89' title='bbox 302 1572 482 1635; x_wconf 84' lang='lat' dir='ltr'><strong>Gnesnensi</strong></span> <span class='ocrx_word' id='word_1_90' title='bbox 510 1575 616 1653; x_wconf 82' lang='lat' dir='ltr'><strong>praxis</strong></span> <span class='ocrx_word' id='word_1_91' title='bbox 648 1574 758 1634; x_wconf 89' lang='lat' dir='ltr'><strong>mitior</strong></span> <span class='ocrx_word' id='word_1_92' title='bbox 786 1572 911 1653; x_wconf 87' lang='lat' dir='ltr'><strong>legibus</strong></span> <span class='ocrx_word' id='word_1_93' title='bbox 943 1571 1103 1635; x_wconf 75' lang='lat' dir='ltr'><strong>civilibus</strong></span> <span class='ocrx_word' id='word_1_94' title='bbox 1124 1573 1241 1635; x_wconf 83' lang='lat' dir='ltr'><strong>confor-</strong></span> 
     </span>
     <span class='ocr_line' id='line_1_13' title="bbox 125 1676 1241 1766; baseline -0.004 -24"><span class='ocrx_word' id='word_1_95' title='bbox 125 1681 185 1742; x_wconf 90' lang='lat' dir='ltr'><strong>mis</strong></span> <span class='ocrx_word' id='word_1_96' title='bbox 208 1677 397 1766; x_wconf 35' lang='lat' dir='ltr'><strong>a&#39;longiore</strong></span> <span class='ocrx_word' id='word_1_97' title='bbox 419 1684 563 1758; x_wconf 88' lang='lat' dir='ltr'><strong>ternpore</strong></span> <span class='ocrx_word' id='word_1_98' title='bbox 585 1676 772 1739; x_wconf 76' lang='lat' dir='ltr'><strong>invalueritr</strong></span> <span class='ocrx_word' id='word_1_99' title='bbox 801 1680 940 1740; x_wconf 84' lang='lat' dir='ltr'><strong>reflectit</strong></span> <span class='ocrx_word' id='word_1_100' title='bbox 961 1677 1002 1739; x_wconf 82' lang='lat' dir='ltr'><strong>ad</strong></span> <span class='ocrx_word' id='word_1_101' title='bbox 1023 1684 1183 1757; x_wconf 76' lang='lat' dir='ltr'><strong>primum:</strong></span> <span class='ocrx_word' id='word_1_102' title='bbox 1202 1679 1241 1738; x_wconf 90' lang='lat' dir='ltr'><strong>in·</strong></span> 
     </span>
     <span class='ocr_line' id='line_1_14' title="bbox 122 1783 1238 1871; baseline -0.004 -23"><span class='ocrx_word' id='word_1_103' title='bbox 122 1786 383 1871; x_wconf 87' lang='lat' dir='ltr'><strong>terpretationem</strong></span> <span class='ocrx_word' id='word_1_104' title='bbox 412 1784 522 1857; x_wconf 83' lang='lat' dir='ltr'><strong>Brevis</strong></span> <span class='ocrx_word' id='word_1_105' title='bbox 554 1783 595 1846; x_wconf 91' lang='lat' dir='ltr'><strong>ad</strong></span> <span class='ocrx_word' id='word_1_106' title='bbox 619 1785 800 1847; x_wconf 89' lang='lat' dir='ltr'><strong>Ministrum</strong></span> <span class='ocrx_word' id='word_1_107' title='bbox 831 1803 892 1846; x_wconf 93' lang='lat' dir='ltr'><strong>non</strong></span> <span class='ocrx_word' id='word_1_108' title='bbox 924 1786 1107 1865; x_wconf 85' lang='lat' dir='ltr'><strong>pertinere,</strong></span> <span class='ocrx_word' id='word_1_109' title='bbox 1141 1784 1238 1845; x_wconf 88' lang='lat' dir='ltr'><strong>necin</strong></span> 
     </span>
     <span class='ocr_line' id='line_1_15' title="bbox 56 1873 1237 1972; baseline -0.003 -19"><span class='ocrx_word' id='word_1_110' title='bbox 56 1884 58 1895; x_wconf 53' lang='lat'><strong><em>⁴</em></strong></span> <span class='ocrx_word' id='word_1_111' title='bbox 124 1892 218 1954; x_wconf 84' lang='lat' dir='ltr'><strong>Brevi</strong></span> <span class='ocrx_word' id='word_1_112' title='bbox 239 1888 298 1952; x_wconf 93' lang='lat' dir='ltr'><strong>illo</strong></span> <span class='ocrx_word' id='word_1_113' title='bbox 329 1873 410 1952; x_wconf 91' lang='lat' dir='ltr'><strong>novi.</strong></span> <span class='ocrx_word' id='word_1_114' title='bbox 427 1889 590 1972; x_wconf 86' lang='lat' dir='ltr'><strong>quidpiam</strong></span> <span class='ocrx_word' id='word_1_115' title='bbox 612 1890 792 1968; x_wconf 86' lang='lat' dir='ltr'><strong>contineri,</strong></span> <span class='ocrx_word' id='word_1_116' title='bbox 822 1889 879 1951; x_wconf 85' lang='lat' dir='ltr'><strong>sed</strong></span> <span class='ocrx_word' id='word_1_117' title='bbox 908 1890 1164 1969; x_wconf 81' lang='lat' dir='ltr'><strong>antiquissimam</strong></span> <span class='ocrx_word' id='word_1_118' title='bbox 1185 1891 1237 1951; x_wconf 81' lang='lat' dir='ltr'><strong>Be·</strong></span> 
     </span>
     <span class='ocr_line' id='line_1_16' title="bbox 124 1993 1235 2077; baseline -0.002 -20"><span class='ocrx_word' id='word_1_119' title='bbox 124 1993 243 2058; x_wconf 76' lang='lat' dir='ltr'><strong>etesiae</strong></span> <span class='ocrx_word' id='word_1_120' title='bbox 272 1994 451 2058; x_wconf 75' lang='lat' dir='ltr'><strong>doctrinam</strong></span> <span class='ocrx_word' id='word_1_121' title='bbox 475 1995 576 2057; x_wconf 67' lang='lat' dir='ltr'><strong>⁴circu</strong></span> <span class='ocrx_word' id='word_1_122' title='bbox 609 2001 699 2056; x_wconf 89' lang='lat' dir='ltr'><strong>matr.</strong></span> <span class='ocrx_word' id='word_1_123' title='bbox 731 1995 829 2057; x_wconf 77' lang='lat' dir='ltr'><strong>mista</strong></span> <span class='ocrx_word' id='word_1_124' title='bbox 865 2003 1049 2058; x_wconf 88' lang='lat' dir='ltr'><strong>constanter</strong></span> <span class='ocrx_word' id='word_1_125' title='bbox 1081 1997 1235 2077; x_wconf 82' lang='lat' dir='ltr'><strong>reprobatu</strong></span> 
     </span>
    </p>
   </div>
   <div class='ocr_carea' id='block_1_2' title="bbox 125 2097 1237 2394">
    <p class='ocr_par' dir='ltr' id='par_1_2' title="bbox 125 2097 1237 2394">
     <span class='ocr_line' id='line_1_17' title="bbox 126 2097 1237 2183; baseline -0.003 -20"><span class='ocrx_word' id='word_1_126' title='bbox 126 2101 263 2183; x_wconf 83' lang='lat' dir='ltr'><strong>exponi,</strong></span> <span class='ocrx_word' id='word_1_127' title='bbox 285 2101 407 2180; x_wconf 84' lang='lat' dir='ltr'><strong>hacque</strong></span> <span class='ocrx_word' id='word_1_128' title='bbox 430 2119 542 2161; x_wconf 90' lang='lat' dir='ltr'><strong>omnes</strong></span> <span class='ocrx_word' id='word_1_129' title='bbox 565 2098 753 2162; x_wconf 79' lang='lat' dir='ltr'><strong>catholicos</strong></span> <span class='ocrx_word' id='word_1_130' title='bbox 782 2097 940 2181; x_wconf 79' lang='lat' dir='ltr'><strong>obligari3</strong></span> <span class='ocrx_word' id='word_1_131' title='bbox 972 2101 1237 2164; x_wconf 72' lang='lat' dir='ltr'><strong>adulterantem</strong></span> 
     </span>
     <span class='ocr_line' id='line_1_18' title="bbox 125 2203 1235 2299; baseline -0.004 -29"><span class='ocrx_word' id='word_1_132' title='bbox 125 2207 311 2290; x_wconf 84' lang='lat' dir='ltr'><strong>erroribus,</strong></span> <span class='ocrx_word' id='word_1_133' title='bbox 332 2226 413 2288; x_wconf 85' lang='lat' dir='ltr'><strong>quos</strong></span> <span class='ocrx_word' id='word_1_134' title='bbox 427 2203 536 2299; x_wconf 23' lang='lat' dir='ltr'><strong>‘aliqui</strong></span> <span class='ocrx_word' id='word_1_135' title='bbox 567 2207 625 2268; x_wconf 84' lang='lat' dir='ltr'><strong>SS.</strong></span> <span class='ocrx_word' id='word_1_136' title='bbox 646 2207 821 2268; x_wconf 80' lang='lat' dir='ltr'><strong>Curionum</strong></span> <span class='ocrx_word' id='word_1_137' title='bbox 842 2210 1090 2284; x_wconf 88' lang='lat' dir='ltr'><strong>commiserunt,</strong></span> <span class='ocrx_word' id='word_1_138' title='bbox 1112 2204 1235 2269; x_wconf 88' lang='lat' dir='ltr'><strong>nondun</strong></span> 
     </span>
     <span class='ocr_line' id='line_1_19' title="bbox 126 2309 1237 2394; baseline -0.004 -18"><span class='ocrx_word' id='word_1_139' title='bbox 126 2309 336 2376; x_wconf 85' lang='lat' dir='ltr'><strong>universalem</strong></span> <span class='ocrx_word' id='word_1_140' title='bbox 364 2314 486 2392; x_wconf 78' lang='lat' dir='ltr'><strong>praxim</strong></span> <span class='ocrx_word' id='word_1_141' title='bbox 518 2311 696 2389; x_wconf 81' lang='lat' dir='ltr'><strong>efformari,</strong></span> <span class='ocrx_word' id='word_1_142' title='bbox 728 2320 760 2375; x_wconf 89' lang='lat' dir='ltr'><strong>et</strong></span> <span class='ocrx_word' id='word_1_143' title='bbox 788 2314 822 2374; x_wconf 91' lang='lat' dir='ltr'><strong>in</strong></span> <span class='ocrx_word' id='word_1_144' title='bbox 843 2314 938 2374; x_wconf 92' lang='lat' dir='ltr'><strong>rebus</strong></span> <span class='ocrx_word' id='word_1_145' title='bbox 961 2311 1142 2394; x_wconf 78' lang='lat' dir='ltr'><strong>Religionis</strong></span> <span class='ocrx_word' id='word_1_146' title='bbox 1173 2311 1237 2373; x_wconf 87' lang='lat' dir='ltr'><strong>alio·</strong></span> 
     </span>
    </p>
   </div>
   <div class='ocr_carea' id='block_1_3' title="bbox 77 2416 1275 3544">
    <p class='ocr_par' dir='ltr' id='par_1_3' title="bbox 125 2416 1275 3237">
     <span class='ocr_line' id='line_1_20' title="bbox 125 2416 1236 2501; baseline -0.005 -20"><span class='ocrx_word' id='word_1_147' title='bbox 125 2420 202 2501; x_wconf 76' lang='lat' dir='ltr'><strong>(puin</strong></span> <span class='ocrx_word' id='word_1_148' title='bbox 225 2418 402 2499; x_wconf 88' lang='lat' dir='ltr'><strong>praescribi</strong></span> <span class='ocrx_word' id='word_1_149' title='bbox 425 2416 511 2479; x_wconf 79' lang='lat' dir='ltr'><strong>haurd</strong></span> <span class='ocrx_word' id='word_1_150' title='bbox 534 2436 647 2499; x_wconf 91' lang='lat' dir='ltr'><strong>posse,</strong></span> <span class='ocrx_word' id='word_1_151' title='bbox 678 2416 736 2479; x_wconf 92' lang='lat' dir='ltr'><strong>sed</strong></span> <span class='ocrx_word' id='word_1_152' title='bbox 759 2437 886 2480; x_wconf 89' lang='lat' dir='ltr'><strong>errores</strong></span> <span class='ocrx_word' id='word_1_153' title='bbox 910 2439 982 2481; x_wconf 83' lang='lat' dir='ltr'><strong>mox</strong></span> <span class='ocrx_word' id='word_1_154' title='bbox 1011 2425 1107 2496; x_wconf 88' lang='lat' dir='ltr'><strong>utque</strong></span> <span class='ocrx_word' id='word_1_155' title='bbox 1136 2436 1236 2498; x_wconf 84' lang='lat' dir='ltr'><strong>cogno·</strong></span> 
     </span>
     <span class='ocr_line' id='line_1_21' title="bbox 128 2521 1275 2607; baseline -0.005 -19"><span class='ocrx_word' id='word_1_156' title='bbox 128 2530 260 2588; x_wconf 86' lang='lat' dir='ltr'><strong>scuntur</strong></span> <span class='ocrx_word' id='word_1_157' title='bbox 281 2522 399 2603; x_wconf 83' lang='lat' dir='ltr'><strong>deponi</strong></span> <span class='ocrx_word' id='word_1_158' title='bbox 422 2521 548 2584; x_wconf 86' lang='lat' dir='ltr'><strong>debere.</strong></span> <span class='ocrx_word' id='word_1_159' title='bbox 580 2521 797 2607; x_wconf 72' lang='lat' dir='ltr'><strong>Olixemplo</strong></span> <span class='ocrx_word' id='word_1_160' title='bbox 819 2523 1070 2604; x_wconf 88' lang='lat' dir='ltr'><strong>dispensationis</strong></span> <span class='ocrx_word' id='word_1_161' title='bbox 1102 2524 1237 2585; x_wconf 88' lang='lat' dir='ltr'><strong>recentis·</strong></span> <span class='ocrx_word' id='word_1_162' title='bbox 1273 2596 1275 2603; x_wconf 28' lang='grc' dir='ltr'>Ι</span> 
     </span>
     <span class='ocr_line' id='line_1_22' title="bbox 128 2626 1236 2712; baseline -0.007 -17"><span class='ocrx_word' id='word_1_163' title='bbox 128 2631 227 2695; x_wconf 86' lang='lat' dir='ltr'><strong>simae</strong></span> <span class='ocrx_word' id='word_1_164' title='bbox 249 2651 268 2693; x_wconf 93' lang='grc' dir='ltr'><strong>ι</strong></span> <span class='ocrx_word' id='word_1_165' title='bbox 292 2627 374 2691; x_wconf 91' lang='lat' dir='ltr'><strong>Sede</strong></span> <span class='ocrx_word' id='word_1_166' title='bbox 396 2626 583 2712; x_wconf 86' lang='lat' dir='ltr'><strong>Apostoliea</strong></span> <span class='ocrx_word' id='word_1_167' title='bbox 606 2648 670 2709; x_wconf 82' lang='lat' dir='ltr'><strong>pro·</strong></span> <span class='ocrx_word' id='word_1_168' title='bbox 685 2627 822 2690; x_wconf 90' lang='lat' dir='ltr'><strong>ineundo</strong></span> <span class='ocrx_word' id='word_1_169' title='bbox 845 2629 1003 2690; x_wconf 91' lang='lat' dir='ltr'><strong>connubio</strong></span> <span class='ocrx_word' id='word_1_170' title='bbox 1027 2630 1128 2706; x_wconf 79' lang='lat' dir='ltr'><strong>mixto</strong></span> <span class='ocrx_word' id='word_1_171' title='bbox 1146 2630 1236 2691; x_wconf 86' lang='lat' dir='ltr'><strong>obten-</strong></span> 
     </span>
     <span class='ocr_line' id='line_1_23' title="bbox 130 2732 1234 2815; baseline -0.008 -15"><span class='ocrx_word' id='word_1_172' title='bbox 130 2745 182 2800; x_wconf 91' lang='lat' dir='ltr'><strong>tae</strong></span> <span class='ocrx_word' id='word_1_173' title='bbox 205 2737 319 2798; x_wconf 83' lang='lat' dir='ltr'><strong>doeet:</strong></span> <span class='ocrx_word' id='word_1_174' title='bbox 347 2735 470 2798; x_wconf 89' lang='lat' dir='ltr'><strong>Romae</strong></span> <span class='ocrx_word' id='word_1_175' title='bbox 500 2754 558 2796; x_wconf 91' lang='lat' dir='ltr'><strong>nee</strong></span> <span class='ocrx_word' id='word_1_176' title='bbox 591 2733 730 2796; x_wconf 90' lang='lat' dir='ltr'><strong>dubitari</strong></span> <span class='ocrx_word' id='word_1_177' title='bbox 762 2733 801 2796; x_wconf 95' lang='lat' dir='ltr'><strong>de</strong></span> <span class='ocrx_word' id='word_1_178' title='bbox 833 2753 893 2814; x_wconf 94' lang='lat' dir='ltr'><strong>eo,</strong></span> <span class='ocrx_word' id='word_1_179' title='bbox 925 2732 1009 2815; x_wconf 80' lang='lat' dir='ltr'><strong>quod</strong></span> <span class='ocrx_word' id='word_1_180' title='bbox 1030 2737 1132 2797; x_wconf 89' lang='lat' dir='ltr'><strong>Breve</strong></span> <span class='ocrx_word' id='word_1_181' title='bbox 1155 2736 1234 2795; x_wconf 90' lang='lat' dir='ltr'><strong>Bene·</strong></span> 
     </span>
     <span class='ocr_line' id='line_1_24' title="bbox 129 2839 1232 2921; baseline -0.012 -15"><span class='ocrx_word' id='word_1_182' title='bbox 129 2842 209 2906; x_wconf 90' lang='lat' dir='ltr'><strong>dicti</strong></span> <span class='ocrx_word' id='word_1_183' title='bbox 239 2840 326 2904; x_wconf 82' lang='lat' dir='ltr'><strong>xlv.</strong></span> <span class='ocrx_word' id='word_1_184' title='bbox 360 2839 512 2921; x_wconf 80' lang='lat' dir='ltr'><strong>religiose</strong></span> <span class='ocrx_word' id='word_1_185' title='bbox 545 2846 698 2901; x_wconf 88' lang='lat' dir='ltr'><strong>servetur.</strong></span> <span class='ocrx_word' id='word_1_186' title='bbox 737 2843 772 2920; x_wconf 90' lang='lat' dir='ltr'><strong>g)</strong></span> <span class='ocrx_word' id='word_1_187' title='bbox 797 2839 966 2902; x_wconf 81' lang='lat' dir='ltr'><strong>Ostendit:</strong></span> <span class='ocrx_word' id='word_1_188' title='bbox 999 2840 1151 2902; x_wconf 90' lang='lat' dir='ltr'><strong>iniustum</strong></span> <span class='ocrx_word' id='word_1_189' title='bbox 1180 2853 1232 2900; x_wconf 88' lang='lat' dir='ltr'><strong>esse</strong></span> 
     </span>
     <span class='ocr_line' id='line_1_25' title="bbox 130 2932 1275 3020; baseline -0.009 -9"><span class='ocrx_word' id='word_1_190' title='bbox 130 2949 274 3012; x_wconf 87' lang='lat' dir='ltr'><strong>Ministri</strong></span> <span class='ocrx_word' id='word_1_191' title='bbox 297 2944 513 3020; x_wconf 87' lang='lat' dir='ltr'><strong>desiderium,</strong></span> <span class='ocrx_word' id='word_1_192' title='bbox 539 2951 572 3005; x_wconf 97' lang='lat' dir='ltr'><strong>ut</strong></span> <span class='ocrx_word' id='word_1_193' title='bbox 595 2944 706 3006; x_wconf 86' lang='lat' dir='ltr'><strong>Curati</strong></span> <span class='ocrx_word' id='word_1_194' title='bbox 727 2945 768 3006; x_wconf 87' lang='lat' dir='ltr'><strong>ad</strong></span> <span class='ocrx_word' id='word_1_195' title='bbox 791 2945 1044 3008; x_wconf 84' lang='lat' dir='ltr'><strong>benedictionem</strong></span> <span class='ocrx_word' id='word_1_196' title='bbox 1068 2947 1174 3007; x_wconf 82' lang='lat' dir='ltr'><strong>mixtis</strong></span> <span class='ocrx_word' id='word_1_197' title='bbox 1193 2959 1234 3004; x_wconf 80' lang='lat' dir='ltr'><strong>nu·</strong></span> <span class='ocrx_word' id='word_1_198' title='bbox 1273 2932 1275 2938; x_wconf 67' lang='grc'><strong>’</strong></span> 
     </span>
     <span class='ocr_line' id='line_1_26' title="bbox 130 3031 1232 3137; baseline -0.011 -22"><span class='ocrx_word' id='word_1_199' title='bbox 130 3055 210 3137; x_wconf 87' lang='lat' dir='ltr'><strong>ptlis</strong></span> <span class='ocrx_word' id='word_1_200' title='bbox 233 3031 354 3132; x_wconf 84' lang='lat' dir='ltr'><strong>absque</strong></span> <span class='ocrx_word' id='word_1_201' title='bbox 376 3049 558 3112; x_wconf 87' lang='lat' dir='ltr'><strong>discrimine</strong></span> <span class='ocrx_word' id='word_1_202' title='bbox 580 3049 822 3130; x_wconf 87' lang='lat' dir='ltr'><strong>impertiendam</strong></span> <span class='ocrx_word' id='word_1_203' title='bbox 846 3052 1059 3130; x_wconf 86' lang='lat' dir='ltr'><strong>stringantur,</strong></span> <span class='ocrx_word' id='word_1_204' title='bbox 1084 3071 1153 3113; x_wconf 87' lang='lat' dir='ltr'><strong>euru</strong></span> <span class='ocrx_word' id='word_1_205' title='bbox 1178 3045 1232 3111; x_wconf 85' lang='lat' dir='ltr'><strong>talis</strong></span> 
     </span>
     <span class='ocr_line' id='line_1_27' title="bbox 133 3152 1232 3237; baseline -0.008 -16"><span class='ocrx_word' id='word_1_206' title='bbox 133 3157 258 3222; x_wconf 87' lang='lat' dir='ltr'><strong>coactio</strong></span> <span class='ocrx_word' id='word_1_207' title='bbox 279 3174 339 3217; x_wconf 92' lang='lat' dir='ltr'><strong>nec</strong></span> <span class='ocrx_word' id='word_1_208' title='bbox 370 3174 428 3234; x_wconf 91' lang='lat' dir='ltr'><strong>per</strong></span> <span class='ocrx_word' id='word_1_209' title='bbox 447 3152 551 3234; x_wconf 84' lang='lat' dir='ltr'><strong>legem</strong></span> <span class='ocrx_word' id='word_1_210' title='bbox 575 3155 699 3216; x_wconf 87' lang='lat' dir='ltr'><strong>civilem</strong></span> <span class='ocrx_word' id='word_1_211' title='bbox 722 3154 922 3217; x_wconf 87' lang='lat' dir='ltr'><strong>adhibeatur.</strong></span> <span class='ocrx_word' id='word_1_212' title='bbox 950 3155 992 3237; x_wconf 83' lang='grc' dir='ltr'><strong>ιι)</strong></span> <span class='ocrx_word' id='word_1_213' title='bbox 1019 3155 1105 3220; x_wconf 86' lang='lat' dir='ltr'><strong>Petit</strong></span> <span class='ocrx_word' id='word_1_214' title='bbox 1126 3155 1184 3218; x_wconf 91' lang='lat' dir='ltr'><strong>sibi</strong></span> <span class='ocrx_word' id='word_1_215' title='bbox 1201 3154 1232 3214; x_wconf 90' lang='lat' dir='ltr'><strong>in·</strong></span> 
     </span>
    </p>

    <p class='ocr_par' dir='ltr' id='par_1_4' title="bbox 77 3258 1262 3544">
     <span class='ocr_line' id='line_1_28' title="bbox 77 3258 1232 3344; baseline -0.006 -18"><span class='ocrx_word' id='word_1_216' title='bbox 77 3303 79 3306; x_wconf 94' lang='lat'>-</span> <span class='ocrx_word' id='word_1_217' title='bbox 134 3261 280 3343; x_wconf 83' lang='lat' dir='ltr'><strong>dulgerl:</strong></span> <span class='ocrx_word' id='word_1_218' title='bbox 304 3266 339 3321; x_wconf 91' lang='lat' dir='ltr'><strong>ut</strong></span> <span class='ocrx_word' id='word_1_219' title='bbox 358 3266 412 3323; x_wconf 85' lang='lat' dir='ltr'><strong>aut</strong></span> <span class='ocrx_word' id='word_1_220' title='bbox 433 3261 533 3322; x_wconf 87' lang='lat' dir='ltr'><strong>Breve</strong></span> <span class='ocrx_word' id='word_1_221' title='bbox 549 3261 715 3322; x_wconf 88' lang='lat' dir='ltr'><strong>Benedicti</strong></span> <span class='ocrx_word' id='word_1_222' title='bbox 737 3258 821 3323; x_wconf 86' lang='lat' dir='ltr'><strong>XlV.</strong></span> <span class='ocrx_word' id='word_1_223' title='bbox 843 3280 941 3342; x_wconf 90' lang='lat' dir='ltr'><strong>porro</strong></span> <span class='ocrx_word' id='word_1_224' title='bbox 965 3279 1089 3342; x_wconf 86' lang='lat' dir='ltr'><strong>quoque</strong></span> <span class='ocrx_word' id='word_1_225' title='bbox 1112 3263 1143 3324; x_wconf 91' lang='lat' dir='ltr'><strong>in</strong></span> <span class='ocrx_word' id='word_1_226' title='bbox 1159 3258 1232 3344; x_wconf 81' lang='lat' dir='ltr'><strong>pleno</strong></span> 
     </span>
     <span class='ocr_line' id='line_1_29' title="bbox 133 3363 1262 3453; baseline -0.007 -21"><span class='ocrx_word' id='word_1_227' title='bbox 133 3370 243 3453; x_wconf 79' lang='lat' dir='ltr'><strong>vigore</strong></span> <span class='ocrx_word' id='word_1_228' title='bbox 265 3385 323 3428; x_wconf 88' lang='grc' dir='ltr'><strong>ιιι</strong></span> <span class='ocrx_word' id='word_1_229' title='bbox 346 3366 378 3426; x_wconf 89' lang='grc' dir='ltr'><strong>ιι</strong></span> <span class='ocrx_word' id='word_1_230' title='bbox 402 3363 543 3428; x_wconf 88' lang='lat' dir='ltr'><strong>dioecesi</strong></span> <span class='ocrx_word' id='word_1_231' title='bbox 566 3367 766 3445; x_wconf 82' lang='lat' dir='ltr'><strong>observetur,</strong></span> <span class='ocrx_word' id='word_1_232' title='bbox 789 3371 845 3428; x_wconf 89' lang='lat' dir='ltr'><strong>ant</strong></span> <span class='ocrx_word' id='word_1_233' title='bbox 864 3385 915 3428; x_wconf 90' lang='lat' dir='ltr'><strong>res</strong></span> <span class='ocrx_word' id='word_1_234' title='bbox 931 3372 999 3427; x_wconf 92' lang='lat' dir='ltr'><strong>tota</strong></span> <span class='ocrx_word' id='word_1_235' title='bbox 1022 3384 1080 3447; x_wconf 89' lang='lat' dir='ltr'><strong>pro</strong></span> <span class='ocrx_word' id='word_1_236' title='bbox 1099 3366 1233 3429; x_wconf 80' lang='lat' dir='ltr'><strong>decisione</strong></span> <span class='ocrx_word' id='word_1_237' title='bbox 1258 3426 1262 3433; x_wconf 79' lang='grc'>,</span> 
     </span>
     <span class='ocr_line' id='line_1_30' title="bbox 138 3467 780 3544; baseline -0.009 -5"><span class='ocrx_word' id='word_1_238' title='bbox 138 3474 180 3539; x_wconf 87' lang='lat' dir='ltr'><strong>ad</strong></span> <span class='ocrx_word' id='word_1_239' title='bbox 203 3472 318 3537; x_wconf 83' lang='lat' dir='ltr'><strong>Sedens</strong></span> <span class='ocrx_word' id='word_1_240' title='bbox 341 3471 517 3533; x_wconf 87' lang='lat' dir='ltr'><strong>Romanam</strong></span> <span class='ocrx_word' id='word_1_241' title='bbox 540 3472 705 3534; x_wconf 84' lang='lat' dir='ltr'><strong>reieratur.</strong></span> <span class='ocrx_word' id='word_1_242' title='bbox 719 3467 780 3544; x_wconf 81' lang='lat'>⁵²⁷)</span> 
     </span>
    </p>
   </div>
   <div class='ocr_carea' id='block_1_4' title="bbox 625 3599 776 3692">
    <p class='ocr_par' dir='ltr' id='par_1_5' title="bbox 625 3599 776 3692">
     <span class='ocr_line' id='line_1_31' title="bbox 625 3599 776 3692; baseline 0.007 -23"><span class='ocrx_word' id='word_1_243' title='bbox 625 3599 661 3692; x_wconf 68' lang='lat' dir='ltr'><strong>p.</strong></span> <span class='ocrx_word' id='word_1_244' title='bbox 690 3599 776 3670; x_wconf 78' lang='grc' dir='ltr'>ιιι.</span> 
     </span>
    </p>
   </div>
   <div class='ocr_carea' id='block_1_5' title="bbox 136 3707 1237 3902">
    <p class='ocr_par' dir='ltr' id='par_1_6' title="bbox 136 3707 1237 3902">
     <span class='ocr_line' id='line_1_32' title="bbox 136 3707 1237 3790; baseline -0.005 -11"><span class='ocrx_word' id='word_1_245' title='bbox 136 3725 188 3778; x_wconf 87' lang='grc' dir='ltr'><strong>Ιιι</strong></span> <span class='ocrx_word' id='word_1_246' title='bbox 207 3720 375 3788; x_wconf 74' lang='lat' dir='ltr'><strong>reliquo</strong></span> <span class='ocrx_word' id='word_1_247' title='bbox 392 3710 617 3787; x_wconf 73' lang='lat' dir='ltr'><strong>Berusetis,</strong></span> <span class='ocrx_word' id='word_1_248' title='bbox 647 3723 688 3775; x_wconf 87' lang='lat' dir='ltr'><strong>et</strong></span> <span class='ocrx_word' id='word_1_249' title='bbox 713 3717 968 3790; x_wconf 71' lang='lat' dir='ltr'><strong>praeprimis</strong></span> <span class='ocrx_word' id='word_1_250' title='bbox 995 3719 1042 3775; x_wconf 88' lang='grc' dir='ltr'><strong>ιιι</strong></span> <span class='ocrx_word' id='word_1_251' title='bbox 1068 3707 1237 3777; x_wconf 75' lang='grc' dir='ltr'>Ιιιιιιιιιι</span> 
     </span>
     <span class='ocr_line' id='line_1_33' title="bbox 234 3808 1163 3902; baseline -0.002 -31"><span class='ocrx_word' id='word_1_252' title='bbox 234 3808 555 3871; x_wconf 74' lang='lat' dir='ltr'><strong>vrottsronlensr</strong></span> <span class='ocrx_word' id='word_1_253' title='bbox 573 3809 720 3902; x_wconf 75' lang='lat' dir='ltr'><strong>mitior</strong></span> <span class='ocrx_word' id='word_1_254' title='bbox 737 3812 881 3882; x_wconf 77' lang='lat' dir='ltr'><strong>praxis</strong></span> <span class='ocrx_word' id='word_1_255' title='bbox 900 3812 1163 3870; x_wconf 69' lang='lat' dir='ltr'><strong>continuato·</strong></span> 
     </span>
    </p>
   </div>
   <div class='ocr_carea' id='block_1_6' title="bbox 244 3926 1244 4010">
    <p class='ocr_par' dir='ltr' id='par_1_7' title="bbox 244 3926 1244 4010">
     <span class='ocr_line' id='line_1_34' title="bbox 244 3926 1244 4010; baseline -0.002 -18"><span class='ocrx_word' id='word_1_256' title='bbox 244 3933 437 4007; x_wconf 83' lang='lat' dir='ltr'><strong>Brspeeture</strong></span> <span class='ocrx_word' id='word_1_257' title='bbox 460 3927 586 4010; x_wconf 84' lang='lat' dir='ltr'><strong>quidem</strong></span> <span class='ocrx_word' id='word_1_258' title='bbox 608 3927 720 4008; x_wconf 90' lang='lat' dir='ltr'><strong>licuit,</strong></span> <span class='ocrx_word' id='word_1_259' title='bbox 743 3936 819 4010; x_wconf 89' lang='lat' dir='ltr'><strong>post</strong></span> <span class='ocrx_word' id='word_1_260' title='bbox 848 3926 1043 4009; x_wconf 86' lang='lat' dir='ltr'><strong>publicatum</strong></span> <span class='ocrx_word' id='word_1_261' title='bbox 1075 3929 1110 3991; x_wconf 89' lang='lat' dir='ltr'><strong>in</strong></span> <span class='ocrx_word' id='word_1_262' title='bbox 1142 3933 1244 3994; x_wconf 78' lang='lat' dir='ltr'><strong>Berus-</strong></span> 
     </span>
    </p>
   </div>
   <div class='ocr_carea' id='block_1_7' title="bbox 141 4018 1255 4227">
    <p class='ocr_par' dir='ltr' id='par_1_8' title="bbox 141 4018 1255 4227">
     <span class='ocr_line' id='line_1_35' title="bbox 141 4018 1250 4116; baseline -0.005 -13"><span class='ocrx_word' id='word_1_263' title='bbox 141 4040 190 4103; x_wconf 84' lang='grc' dir='ltr'><strong>ιιι</strong></span> <span class='ocrx_word' id='word_1_264' title='bbox 214 4018 366 4098; x_wconf 79' lang='lat' dir='ltr'><strong>Rhenana</strong></span> <span class='ocrx_word' id='word_1_265' title='bbox 390 4037 486 4098; x_wconf 89' lang='lat' dir='ltr'><strong>Breve</strong></span> <span class='ocrx_word' id='word_1_266' title='bbox 510 4035 561 4096; x_wconf 86' lang='lat' dir='ltr'><strong>l’ii</strong></span> <span class='ocrx_word' id='word_1_267' title='bbox 583 4035 667 4100; x_wconf 90' lang='lat' dir='ltr'><strong>Vlll.</strong></span> <span class='ocrx_word' id='word_1_268' title='bbox 696 4033 899 4116; x_wconf 89' lang='lat' dir='ltr'><strong>disciplinam</strong></span> <span class='ocrx_word' id='word_1_269' title='bbox 926 4036 1011 4098; x_wconf 88' lang='lat' dir='ltr'><strong>circa</strong></span> <span class='ocrx_word' id='word_1_270' title='bbox 1041 4043 1136 4099; x_wconf 88' lang='lat' dir='ltr'><strong>matr.</strong></span> <span class='ocrx_word' id='word_1_271' title='bbox 1167 4035 1250 4098; x_wconf 77' lang='lat' dir='ltr'><strong>mixta</strong></span> 
     </span>
     <span class='ocr_line' id='line_1_36' title="bbox 141 4140 1255 4227; baseline -0.002 -21"><span class='ocrx_word' id='word_1_272' title='bbox 141 4145 175 4206; x_wconf 93' lang='lat' dir='ltr'><strong>in</strong></span> <span class='ocrx_word' id='word_1_273' title='bbox 198 4143 344 4204; x_wconf 88' lang='lat' dir='ltr'><strong>universo</strong></span> <span class='ocrx_word' id='word_1_274' title='bbox 373 4141 485 4220; x_wconf 86' lang='lat' dir='ltr'><strong>Regno</strong></span> <span class='ocrx_word' id='word_1_275' title='bbox 517 4140 558 4203; x_wconf 86' lang='lat' dir='ltr'><strong>ad</strong></span> <span class='ocrx_word' id='word_1_276' title='bbox 587 4142 744 4221; x_wconf 88' lang='lat' dir='ltr'><strong>principia</strong></span> <span class='ocrx_word' id='word_1_277' title='bbox 775 4147 807 4204; x_wconf 92' lang='lat' dir='ltr'><strong>et</strong></span> <span class='ocrx_word' id='word_1_278' title='bbox 835 4160 976 4204; x_wconf 85' lang='lat' dir='ltr'><strong>normam</strong></span> <span class='ocrx_word' id='word_1_279' title='bbox 1006 4141 1040 4203; x_wconf 93' lang='lat' dir='ltr'><strong>in</strong></span> <span class='ocrx_word' id='word_1_280' title='bbox 1066 4141 1255 4227; x_wconf 84' lang='lat' dir='ltr'><strong>apostolicis</strong></span> 
     </span>
    </p>
   </div>
   <div class='ocr_carea' id='block_1_8' title="bbox 148 4261 396 4283">
    <p class='ocr_par' dir='ltr' id='par_1_9' title="bbox 148 4261 396 4283">
     <span class='ocr_line' id='line_1_37' title="bbox 148 4261 396 4283; baseline -0.008 -5"><span class='ocrx_word' id='word_1_281' title='bbox 148 4261 396 4283; x_wconf 46' lang='grc' dir='ltr'><em>Μ</em></span> 
     </span>
    </p>
   </div>
   <div class='ocr_carea' id='block_1_9' title="bbox 182 4313 628 4398">
    <p class='ocr_par' dir='ltr' id='par_1_10' title="bbox 182 4313 628 4398">
     <span class='ocr_line' id='line_1_38' title="bbox 182 4313 628 4398; baseline 0.002 -14"><span class='ocrx_word' id='word_1_282' title='bbox 182 4313 186 4323; x_wconf 58' lang='grc'><strong>’</strong></span> <span class='ocrx_word' id='word_1_283' title='bbox 213 4327 280 4395; x_wconf 76' lang='lat'>527)</span> <span class='ocrx_word' id='word_1_284' title='bbox 298 4333 328 4383; x_wconf 87' lang='lat' dir='ltr'><strong>M</strong></span> <span class='ocrx_word' id='word_1_285' title='bbox 336 4346 388 4383; x_wconf 88' lang='lat' dir='ltr'><strong>on.</strong></span> <span class='ocrx_word' id='word_1_286' title='bbox 408 4330 469 4383; x_wconf 69' lang='lat'><strong>2022.</strong></span> <span class='ocrx_word' id='word_1_287' title='bbox 488 4346 549 4398; x_wconf 73' lang='lat' dir='ltr'><strong>pag.</strong></span> <span class='ocrx_word' id='word_1_288' title='bbox 568 4332 628 4385; x_wconf 78' lang='lat'><strong>283.</strong></span> 
     </span>
    </p>
   </div>
   <div class='ocr_carea' id='block_1_10' title="bbox 0 0 1423 4838">
    <p class='ocr_par' dir='ltr' id='par_1_11' title="bbox 0 0 1423 4838">
     <span class='ocr_line' id='line_1_39' title="bbox 0 0 1423 4838; baseline 0 0"><span class='ocrx_word' id='word_1_289' title='bbox 0 0 1423 4838; x_wconf 95' lang='lat' dir='ltr'><strong> </strong></span> 
     </span>
    </p>
   </div>
  </div>
 </body>
</html>
