2798 4838
574 182 840 310 4254-2·

614 471 650 563 g.
681 470 766 541 leo.
880 534 883 540 ,

126 609 323 689 Episcopi
341 608 540 678 Rhemum!
557 609 605 666 tn
632 623 766 667 sensu
794 607 1095 667 conventionis
1118 609 1258 680 passo·

126 706 242 762 rooles
260 702 411 761 literas
431 702 487 758 od
506 703 678 760 clerum
696 701 901 759 (tutatum
911 737 928 770 ‚.
942 704 985 758 et
1001 701 1256 759 lustr-netto·

230 809 331 853 nem
349 798 560 852 secretum
587 793 643 850 nd
660 793 897 853 vtcartasus
918 793 1156 851 dimrlttunt.

229 952 433 1037 Praeparatis
454 972 512 1036 por
532 954 818 1036 Archiepiscopum
847 955 882 1023 0,.
907 951 1079 1046 3191111511
1101 956 1256 1035 omnibus,

129 1081 208 1145 quae
240 1061 325 1123 circa
355 1056 484 1123 modum
516 1060 692 1141 exequendi
714 1062 814 1123 Breve
837 1059 1058 1140 Apostolicum
1089 1082 1127 1124 ex
1158 1068 1256 1124 mente

130 1172 162 1256 et
182 1173 257 1230 voto
279 1167 437 1229 Gubernii
456 1167 552 1246 Regii
572 1169 700 1256 praevie
722 1165 927 1246 suscipienda
943 1175 1054 1250 crant,
1075 1168 1166 1230 iuxta
1189 1187 1254 1229 coa-

128 1270 274 1335 litionem
304 1273 337 1334 in
361 1263 731 1335 tabulis'conventionis
754 1273 975 1336 Berolinensis
1007 1293 1192 1354 expressam
1222 1274 1255 1336 ab

130 1381 277 1442 omnibus
311 1385 447 1460 quatuor
477 1376 686 1440 Praesulibus
720 1372 1114 1462 Provinciaethenanae
1149 1378 1254 1441 eodem

18 1472 20 1479 ¹
129 1485 197 1547 sere
219 1491 363 1564 tempore
383 1483 568 1547 Pastorales
600 1481 713 1546 literae
744 1484 786 1546 ad
808 1482 938 1547 (ilerum
962 1486 1116 1548 Curatum
1151 1483 1255 1547 dimis-

97 1612 103 1628 ·
130 1610 185 1655 sae
207 1596 299 1653 sunt:
329 1591 363 1652 in
387 1591 500 1671 quibus
522 1591 624 1652 Breve
646 1590 697 1650 Pii
720 1589 805 1654 Vlll.
836 1611 906 1653 cum
934 1590 1051 1653 iisdem
1083 1591 1254 1662 communi·

129 1705 246 1775 catum,
267 1701 299 1758 et
311 1716 422 1758 norma
437 1698 471 1757 in
490 1680 690 1766 celebrandis
706 1696 813 1758 mixtis
830 1699 1042 1758 matrimoniis
1062 1695 1254 1759 observanda

129 1804 328 1886 praescripta
352 1802 483 1865 exstitit.
514 1800 696 1883 Epistulam
718 1800 915 1880 pastoralem
936 1811 1001 1866 tam
1022 1804 1254 1882 ,drobicpc‘scopi

131 1911 328 1972 Cotosctcnsts
349 1907 403 1970 dd.
429 1914 480 1970 13.
504 1909 633 1970 Octobr.
660 1910 751 1971 1834.
775 1928 868 1989 quam
889 1913 1039 1987 Episcopi
1064 1913 1253 1972 Trecc'recsts

123 2012 185 2098 dd.
211 2017 241 2075 7.
264 2014 394 2076 Octobr.
423 2017 515 2077 1834.
538 2015 623 2075 inter
644 2014 852 2099 Monumenta
879 2034 1083 2078 recensemus
1101 2011 1189 2091 490>ι
1217 2020 1251 2094 ct,

130 2140 202 2183 cum
224 2140 352 2204 omnes,
380 2119 497 2181 iisdem
527 2119 596 2180 fere
626 2120 732 2182 verbis
764 2127 958 2201 conceptae,
988 2123 1073 2183 inter
1104 2143 1142 2184 se
1170 2120 1250 2205 plene

130 2228 339 2306 conveniant,
370 2231 591 2306 argumentum
613 2225 742 2287 nonnisi
764 2224 930 2289 literarum
960 2225 1177 2309 pastoralium
1199 2229 1247 2290 co·

131 2330 324 2395 loniensium
346 2333 486 2396 breviter
507 2333 735 2415 proponimus:
764 2333 799 2394 In
828 2333 880 2394 his
904 2334 1179 2416 Archiepiscopus
1207 2347 1247 2395 oc·

132 2440 261 2502 casione
276 2439 388 2501 Brevis
406 2437 587 2521 Apostolici
606 2439 736 2499 uberius
754 2441 916 2522 exposita,
936 2443 1107 2529 confitetur
1125 2440 1248 2522 quidem,

131 2565 174 2626 „a
197 2564 232 2608 se
254 2543 328 2607 ideo
352 2564 420 2607 rem
441 2551 542 2607 totam
563 2544 681 2606 iudicio
706 2544 801 2607 Sedis
821 2545 1029 2627 Apostolicae
1053 2545 1249 2610 decidendam

131 2649 279 2714 relictam
310 2650 432 2730 fuisse,
464 2650 550 2732 quod
581 2672 657 2713 suae
686 2654 858 2730 potesstati
888 2673 951 2740 non
975 2660 1080 2732 esset,
1111 2652 1250 2715 ecclesia-

132 2759 233 2821 sticae
250 2756 380 2839 regulae
398 2758 459 2820 vim
479 2755 595 2820 tollere
611 2756 661 2817 vel
679 2759 826 2837 mitigare
841 2754 1094 2838 rigorem'’¹*⁹¹);
1119 2767 1170 2822 ast
1193 2777 1252 2821 mox

131 2884 274 2927 normam
305 2866 339 2925 in
362 2866 578 2926 Conventione
599 2863 802 2926 Berolinensi
831 2871 1060 2946 praestructum
1094 2872 1252 2947 sequutus,

132 2973 166 3046 a)
189 2972 352 3052 negotium
375 2971 547 3032 mixtorum
569 2972 843 3031 matrimoniorum
865 2969 1065 3032 tractandum
1093 2970 1191 3053 plene
1211 2992 1252 3034 ar·

131 3077 230 3141 bitrio
262 3072 352 3137 Cleri
375 3076 487 3137 Cureti
516 3073 688 3155 relinquit3
720 3078 758 3151 b>
785 3077 999 3138 assistentiam
1030 3080 1194 3158 passivam
1220 3075 1253 3140 ad

133 3183 260 3244 unicum
283 3202 354 3244 eum
378 3201 485 3243 casum
508 3183 694 3262 restringit,
724 3184 752 3245 si
774 3203 849 3261 pars
873 3182 1032 3247 catholica
1055 3186 1158 3266 sciat,
1190 3203 1254 3267 pro·

133 3269 212 3349 lium
236 3286 456 3349 educationem
478 3288 512 3349 in
535 3290 669 3350 arbitrio
691 3288 752 3351 viri
775 3287 945 3350 acatholici
977 3290 1141 3371 futuram,
1174 3291 1253 3354 utin

135 3394 203 3456 eius
233 3387 435 3456 confessione
472 3393 663 3474 educentur,
695 3402 727 3456 et
754 3393 966 3458 inexcusabili
994 3399 1179 3460 temeritate
1205 3417 1253 3459 nu·

133 3502 220 3582 ptias
243 3520 314 3562 cum
336 3498 394 3562 illo
418 3501 603 3575 contrahat3
638 3501 671 3574 c)
695 3502 853 3578 affirmat:
885 3501 924 3562 de
945 3500 1055 3564 valore
1078 3505 1252 3586 nuptiarum

133 3626 198 3669 non
230 3613 353 3670 servata
384 3605 489 3667 forma
519 3607 554 3668 G.
578 3606 760 3668 Tridentini
794 3628 901 3675 coram
923 3615 1053 3688 pastore
1083 3597 1250 3672 acatholico

134 3714 284 3775 initarum
307 3733 399 3775 omne
423 3709 582 3775 sublatum
607 3732 677 3774 csse
701 3712 849 3793 dubium,
874 3714 966 3775 etde
990 3714 1042 3775 his
1067 3713 1150 3777 solis
1166 3719 1249 3779 Breve

134 3818 339 3882 Pontificium
360 3815 502 3900 intelligi
525 3817 656 3896 debere3
689 3817 726 3892 d)
754 3821 783 3882 si
804 3821 925 3901 nuptiis
948 3812 1056 3881 mixtis
1089 3822 1249 3903 quodpiam

135 3924 321 3988 canonicum
343 3926 450 3988 obstet
476 3924 754 4006 impedimentum,
784 3945 843 4007 pro
868 3924 1109 4007 dispensatione
1141 3928 1183 3992 ad
1204 3929 1247 3990 01·

206 4134 274 4201 190)
292 4139 383 4190 Mon.
402 4138 464 4191 190.
483 4144 511 4190 et
529 4137 589 4190 191.
608 4153 670 4205 pag.
689 4138 751 4190 259.
770 4133 831 4192 260.

208 4226 276 4293 oet)
294 4232 368 4283 Haec
392 4233 476 4283 verbs
495 4232 702 4294 Archicpiscopi
739 4246 798 4282 cnm
823 4232 944 4284 eiusdem
967 4234 1067 4300 agendi
1092 4234 1207 4296 ratione,
1227 4227 1243 4276 ¹1

172 4331 375 4390 comparentur,
394 4324 631 4377 contradictionem
651 4324 737 4376 omnis
758 4325 902 4392 intelliget.
