2798 4838
681 256 883 327 ..56-

206 419 276 463 rum
299 400 371 462 iniit
393 400 635 475 matrimonium.
670 401 827 463 ddrersus
851 401 931 469 hanc
953 401 1112 481 Principis
1137 397 1325 479 Megalopo-

207 505 300 570 litani
322 506 438 586 agendi
459 507 614 568 rationem
639 502 700 568 u'ou
724 508 897 568 intermisit
919 509 1046 587 quidem
1071 512 1195 585 Corpus
1217 511 1329 587 Eram

196 618 379 692 peh'corum
403 612 458 673 dd.
480 617 528 672 13.
541 611 641 694 April.
666 615 755 673 1664.
779 613 864 692 apud
889 613 1055 673 Caesarem
1088 633 1254 691 gravamen
1280 631 1335 692 po·

207 737 303 798 nere,
325 725 356 780 et
371 719 562 801 praeprimis
581 725 691 779 contra
714 716 983 800 dispensationem
1004 718 1154 797 Papalem
1178 728 1337 796 tamquam

208 823 242 888 in
265 823 497 903 praeiudicium
520 824 612 884 Pacis
636 822 818 904 Religiosae
848 831 880 884 et
906 821 1012 902 legum
1037 825 1164 914 imperii
1207 841 1337 889 connes-

211 950 281 993 sam
301 930 493 1009 protestari,
524 927 620 1009 idque
642 948 866 1010 propugnare,
898 929 983 1010 qrrod
1019 931 1161 991 Romano
1185 929 1337 991 Pontifici

208 1032 332 1097 nullum
353 1036 404 1096 ius
428 1041 585 1115 competat
608 1032 688 1094 tales
713 1035 967 1115 dispensationes
992 1033 1168 1115 elargicudi
1188 1031 1247 1106 ⁸⁹).
1275 1033 1338 1094 Ve-

209 1159 280 1202 rum
303 1139 491 1219 protestatio
515 1141 576 1201 ista
599 1138 715 1200 nullius
740 1147 806 1201 erat
830 1142 957 1202 roboris
969 1191 979 1224 ,
1002 1161 1073 1202 cum
1099 1141 1338 1203 matrimonium

211 1246 308 1308 Ilurcis
334 1243 596 1327 Megalopolitani
630 1264 686 1324 per
717 1245 784 1306 eius
815 1245 856 1307 ad
887 1246 997 1325 Eidem
1033 1227 1232 1309 tirrthulicam
1264 1265 1337 1309 cun·

212 1344 390 1413 versionem
411 1353 541 1413 mixtum
565 1352 720 1427 eraserit,
751 1357 783 1412 et
806 1361 840 1413 ut
863 1351 925 1414 talc
949 1351 989 1414 ad
1013 1351 1165 1413 iudicium
1191 1353 1338 1413 Potesta-

101 1480 106 1486 ’
214 1458 256 1518 tis
280 1455 525 1519 Ecclesiasticus
548 1457 749 1537 spectaverit.

719 1626 755 1718 p.
783 1630 846 1702 sn

215 1765 409 1824 clemens
427 1765 477 1824 x.
502 1747 553 1822 de
577 1765 864 1823 ‘matrimoniis
893 1766 1009 1823 tuter·
1035 1767 1277 1824 catholicos
1304 1768 1359 1844 et⁴

216 1857 570 1916 Schismaticum-
585 1861 867 1916 Innocentius
874 1860 945 1915 xlt
959 1860 1191 1916 Elector-em
1209 1862 1340 1916 Bm·
1388 1900 1391 1909 Α

435 1950 527 2007 ntae
546 1965 572 2006 ss
592 1955 717 2008 ruatr.
733 1951 863 2008 mixto
884 1953 1129 2009 dehortans.

320 2111 385 2172 Sub
417 2111 610 2172 Pontificatu
640 2111 884 2173 Clementis
920 2111 959 2172 X.
992 2113 1135 2191 quaestio
1168 2118 1254 2172 mota
1287 2109 1344 2193 init

223 2213 262 2277 de
286 2217 497 2281 matrimoniis
527 2219 608 2278 inter
640 2217 846 2294 catholicos,
879 2223 910 2278 et
933 2217 1073 2290 Graecos
1105 2217 1343 2283 schismaticos:

222 2340 315 2410 quam
339 2322 518 2402 Episcopus
544 2328 751 2385 Trtdim'ensis
772 2324 803 2384 in
829 2322 985 2384 Dalmatia
1008 2322 1048 2384 ad
1072 2323 1184 2383 Sodem
1207 2323 1343 2406 Aposto-

220 2424 316 2489 licam
337 2447 396 2508 pro
421 2428 583 2489 decisione
606 2427 726 2490 retulit.
767 2431 898 2491 decreto
921 2431 1027 2509 itaque
1051 2448 1218 2508 supremae
1242 2427 1343 2518 lnqui-

221 2533 349 2595 sitionis
381 2535 544 2614 Episcopo
574 2535 737 2613 qtracrenti
772 2533 824 2596 dd.
850 2542 899 2597 20.
922 2538 1001 2614 dag.
1033 2541 1123 2597 1671.
1157 2551 1340 2614 responsum

223 2646 288 2700 est:
318 2659 379 2703 nou
403 2657 473 2699 esse
497 2639 704 2721 permittenda
730 2642 876 2720 coniugia
899 2641 983 2714 iuter
1006 2638 1183 2700 catholicos
1207 2647 1241 2702 et
1265 2638 1344 2703 schi-

223 2743 391 2821 smaticos,
414 2745 478 2805 nisi
500 2746 676 2825 praemissa
700 2747 898 2807 abiuratione
922 2746 1126 2825 schismatis,
1157 2752 1189 2806 et
1217 2728 1343 2824 proles·

224 2851 314 2913 sione
335 2849 412 2911 fidei
434 2858 507 2912 ante
531 2852 766 2912 matrimonium
790 2851 956 2930 facienda,
980 2853 1066 2912 iuxta
1088 2850 1196 2913 decisa
1221 2852 1256 2912 S.
1266 2844 1344 2913 Gon-

225 2956 419 3039 grcgatiouis
459 2952 499 3016 tle
531 2961 582 3018 20.
603 2959 674 3018 irrrr.
705 2963 793 3019 1628.
816 2955 860 3027 ⁹⁰)
891 2989 926 3001 -
973 2957 1261 3019 innocentius
1289 2954 1344 3019 xt.

148 3142 153 3153 Ι
227 3068 304 3149 vcro
322 3058 488 3121 intellecto
507 3083 557 3138 eo,
576 3061 660 3143 qrrod
677 3060 857 3123 Elector
878 3065 1084 3124 Bavariae
1111 3054 1345 3126 nummulamis

225 3168 417 3227 Ernmunuet
450 3186 520 3230 cum
551 3169 672 3248 virgine
704 3166 839 3247 quadam
872 3175 977 3231 sectae
1005 3167 1191 3230 lutheranae
1223 3166 1342 3228 addicta

226 3271 461 3332 matrimonium
491 3273 573 3333 inire
604 3272 764 3334 intendat:
801 3272 912 3336 literas
945 3277 1063 3337 amoris
1093 3273 1203 3354 plenas
1229 3272 1283 3335 dd.
1301 3275 1341 3333 ld·

226 3377 306 3456 Aug.
329 3380 419 3439 1681.
451 3376 491 3438 ad
524 3399 594 3439 eum
625 3378 732 3454 misit;
773 3380 805 3439 in
835 3382 949 3458 qtribus
981 3380 1135 3461 eundem,
1169 3383 1210 3440 oh
1242 3374 1340 3441 oculos
1385 3438 1391 3461 ³

227 3481 344 3565 positis
368 3481 518 3561 periculis
550 3504 611 3545 non
643 3482 747 3545 solum
777 3484 839 3565 ipsi
870 3485 1013 3547 Electori
1046 3493 1078 3548 et
1101 3483 1265 3568 prolibus,
1294 3478 1337 3547 red
1372 3476 1391 3549 a*

228 3589 290 3650 toti
311 3586 476 3672 Ecclesiae
500 3587 685 3650 Catholicae
709 3591 741 3651 in
765 3589 822 3650 illo
841 3590 1026 3654 Electoratu
1052 3613 1090 3654 ex
1111 3594 1209 3653 mixto
1233 3578 1337 3657 counu·
1389 3566 1391 3589 ⁵

229 3694 283 3754 bio
313 3692 589 3775 impendentibus,
625 3680 672 3756 ab·
694 3695 833 3757 ineundo
865 3717 902 3758 eo
935 3698 1123 3760 dehortatus
1155 3703 1224 3785 est,
1256 3694 1338 3775 idutt
1387 3732 1391 3763 -,

228 3818 286 3879 pro
310 3796 367 3860 illo
392 3799 486 3860 etiarn
508 3818 583 3861 casu
605 3799 778 3880 dissuasit,
811 3803 839 3864 si
861 3801 977 3864 mulier
1007 3805 1134 3886 praevie
1166 3803 1208 3865 ad
1233 3803 1342 3866 Eidem

229 3901 430 3967 catholicam
459 3910 712 3967 convertereturr
740 3909 977 3973 conversionem
1009 3910 1093 3972 eninr
1129 3910 1212 3971 hanc
1255 3915 1347 3991 peut⁸

230 4029 375 4073 aversum
396 4007 523 4091 puellae
545 4031 563 4072 a
585 4010 666 4074 Fide
690 4013 831 4073 Romana
853 4015 992 4076 animum
1024 4034 1087 4075 non
1109 4034 1200 4077 verae
1220 4002 1357 4096 pietati·

245 4248 247 4252 ’
302 4237 351 4304 89)
369 4242 432 4293 Viri.
451 4243 608 4304 struve,
627 4242 843 4301 Jurtrpradeatr'u
859 4246 974 4297 heroica.
992 4248 1021 4298 1¹.
1040 4244 1072 4299 4.
1086 4259 1112 4305 p.
1123 4243 1193 4299 257.

300 4326 359 4394 90>
370 4333 419 4383 De
434 4334 524 4384 Petr
533 4347 563 4395 c,
584 4332 787 4405 vuarmatiam
802 4338 977 4395 apostoticae.
991 4341 1020 4389 1'.
1035 4335 1066 4389 4.
1080 4351 1105 4397 p.
1120 4339 1171 4391 80.
1183 4333 1297 4404 nond.
1320 4312 1389 4381 θ’
