2798 4838
574 295 623 310 --
649 256 726 327 520
753 294 818 370 -'

130 405 306 469 dinariatns
329 403 511 482 ilungariae
524 386 572 463 'ex
594 401 797 463 strictissima
821 403 872 462 sui
894 403 1049 479 muneris,
1071 420 1210 481 anaeque
1223 403 1249 462 iu

128 512 232 573 rehns·
243 507 407 588 religionis
427 507 594 588 potestatis
613 507 808 567 conscientia
826 507 1143 588 repraesentationes
1152 510 1184 568 in
1202 496 1256 568 oh?

130 637 255 680 versuum
278 612 479 681 adornandae
502 619 701 674 censuerunt.
725 611 761 672 ld
777 618 904 674 constet
924 615 1117 675 nominatim
1140 612 1182 673 de
1196 613 1252 675 Vl-

131 723 247 785 eario
278 719 514 801 Agriensi,·
535 719 589 798 qni
620 738 677 798 per
706 719 885 780 intimatum
907 718 1048 781 consilli
1080 720 1178 799 Regii
1207 716 1252 778 dd.

135 834 183 889 17.
208 839 289 906 Aug.
310 829 401 887 1809.
423 823 465 884 ad
487 822 721 904 copulationem
744 843 936 902 sponsorum
960 824 1112 886 diversae
1133 822 1254 904 religio-

131 935 183 995 nis
212 935 252 994 ob
282 950 345 992 non
377 935 536 1009 peractam
565 948 724 1009 asponra
754 929 913 993 catholiea
935 929 1185 1023 Confessionem
1205 929 1254 990 Sa·

132 1034 357 1101 eramentalem
380 1036 537 1116 tantisper
558 1033 784 1096 dilatammox
807 1035 1019 1116 peragendam
1032 1037 1188 1113 inriatua,
1204 1053 1255 1114 ope

131 1142 449 1224 Repraesentationis
471 1138 525 1201 dd.
552 1146 601 1202 10.
624 1141 754 1202 Octobr.
780 1145 871 1202 1809.
895 1141 1077 1202 doctrinam
1099 1138 1255 1202 Ecclesiae

135 1246 320 1313 Catholicae
343 1246 383 1308 de
404 1246 604 1308 matrimonio
627 1253 786 1326 tamqnam
810 1247 1015 1308 Sacrameuto
1039 1250 1203 1325 virerum,
1228 1249 1256 1308 in

135 1361 220 1417 statu
252 1353 374 1432 gratiae
404 1349 627 1432 suscipiendo,
660 1349 839 1432 praeclare,
871 1351 1256 1432 evolvit‚''Parochosqne

135 1462 179 1522 oh
200 1457 416 1538 neglectam
440 1458 575 1538 Sponeis
599 1456 779 1539 Catholicis
803 1457 1050 1520 Confessiouem
1084 1456 1257 1538 copulatio·

136 1585 207 1626 nem
230 1564 423 1644 denegantes
445 1562 500 1641 ld,
524 1563 610 1643 qnod
633 1565 715 1624 ratio
740 1563 841 1625 officii
866 1566 906 1626 ah
929 1565 1012 1644 ipsis
1038 1566 1160 1644 exlgit,
1183 1563 1259 1625 face·

136 1690 172 1734 re
190 1669 372 1731 declaravit.
398 1666 475 1742 ¹⁰⁰⁵)
499 1668 585 1730 ldem
603 1668 721 1729 iecisse
740 1673 869 1730 codetat„
888 1672 1047 1751 fflp'inco
1060 1691 1082 1749 p
1094 1664 1259 1731 nmRos-

137 1775 383 1838 nauiensem
414 1774 446 1835 in
465 1775 769 1855 Repraesentatione
788 1775 846 1836 dd.
873 1779 907 1836 4..
926 1776 992 1837 Mai
1021 1779 1116 1837 1821.
1144 1776 1213 1856 pari
1233 1775 1260 1835 in

138 1870 255 1944 merito
279 1880 319 1942 ad
346 1878 526 1942 Consilium
549 1881 694 1958 Regium:
712 1880 866 1957 dimissa,
897 1879 932 1941 id
960 1881 1157 1962 praeprimis
1186 1877 1261 1941 erol-

140 1994 252 2048 vente:
275 2007 293 2049 a
317 1983 466 2061 Concilio
491 1984 682 2046 Tridentino
705 2005 767 2047 non
789 1993 912 2047 tantum
938 1986 1071 2048 suaderi
1099 1986 1160 2048 sed
1181 1965 1269 2067 prae·¹

142 2094 224 2174 alpi,
247 2098 282 2152 ut
304 2091 416 2171 sponsi
439 2096 511 2152 ante
535 2092 772 2154 matrimonium
795 2091 931 2155 Sacram'
955 2078 1115 2172 peragant
1135 2090 1262 2154 confes·

142 2199 275 2261 sionem.
299 2192 375 2267 ¹⁰⁰⁶)
466 2252 469 2258 ,

647 2368 666 2436 “.
695 2367 782 2439 260.

145 2505 185 2578 e)
205 2507 266 2563 lle
290 2506 607 2578 reconcilatione
631 2369 891 2578 {paraueru-
917 2507 1075 2565 mlxtee
1101 2508 1262 2576 religie-

91 2617 96 2624 ·
144 2599 213 2658 rats
233 2600 335 2658 dum
352 2598 934 2749 eoprrlettopernitltratstremr
953 2602 1139 2658 Protest.
1165 2599 1264 2657 taeta

541 2735 543 2738 .
690 2692 753 2749 rit.

251 2937 397 2998 'l'ertinm
426 2940 457 2998 iu
487 2940 575 3018 praxi
606 2940 688 3000 eirca
717 2940 875 3016 eonnnnbia
899 2929 1008 3003 'mixta
1055 2949 1134 3022 post
1176 2939 1268 3019 legem

150 3045 223 3105 anni
249 3038 627 3116 179⁰s1.·ohservandirm
659 3053 728 3106 est:
760 3043 1054 3124 lleoopnlatio
1088 3061 1269 3128 sponsorum

28 3226 31 3235 y
75 3166 78 3173 ·
151 3149 267 3209 mixtae
291 3147 467 3226 religionis.
494 3151 569 3209 Pars
598 3151 746 3210 nimirum
778 3171 813 3212 ea
844 3147 1170 3231 legisann11790A.
1202 3166 1270 3230 qnae

151 3254 352 3318 matrimonia
377 3256 474 3314 mixta
498 3275 622 3333 semper
645 3274 751 3317 corum
774 3261 927 3318 Perochta
949 3262 1121 3319 Catholicis
1143 3254 1270 3318 ineruntla

153 3357 333 3437 disposuit,
356 3376 393 3417 eo
417 3379 512 3431 senen
534 3359 697 3421 intellecta
721 3362 799 3448 luitt
832 3367 886 3440 nt,
909 3365 937 3424 si
959 3382 1116 3442 personas
1141 3361 1271 3442 disparia

149 3461 318 3543 religionis
330 3456 694 3527 Ministerhcatholicns
718 3460 949 3546 copulavisset,
972 3466 1141 3548 copulatio
1166 3489 1222 3550 pro
1239 3464 1272 3527 il·

152 3568 251 3650 legali
274 3570 460 3652 haberetur,
492 3577 523 3631 et
544 3570 740 3651 recopulatio
769 3573 955 3634 aParocho
975 3559 1162 3635 'natholiae
1192 3572 1272 3634 insti·

154 3676 272 3737 tuenda
296 3676 538 3738 decerneretur:
556 3677 642 3757 qnod
662 3678 844 3739 etiamtunc
866 3680 1029 3740 observari
1052 3680 1190 3760 debuit,
1213 3677 1272 3738 dnm

154 3798 362 3861 personarum
385 3783 639 3844 contrahentium
661 3802 734 3863 pars
768 3781 921 3844 alterutra
943 3784 1034 3846 llltnl
1059 3786 1272 3848 Graeco-non·

154 3884 254 3945 Unito
284 3885 412 3948 addicta
443 3894 531 3967 erat,
570 3887 724 3953 named
754 3890 972 3968 quaestionem
1002 3910 1062 3968 per
1092 3896 1275 3970 Episcopus

157 3994 400 4069 Caunudienaem
429 3998 611 4056 Emericum
643 3998 836 4057 christonius
867 3995 921 4058 dd.
954 4000 1005 4074 30.
1031 3996 1170 4061 Octobr.
1197 3999 1275 4060 1799.

161 4135 407 4160 ''a-’Q

225 4220 309 4286 1005)
328 4185 498 4275 meulent.
518 4233 562 4276 et:
580 4228 641 4278 313.
662 4243 723 4293 pag.
744 4228 802 4279 594.
823 4228 882 4280 595.

226 4311 310 4379 1006)
330 4317 418 4367 Moru.
439 4317 497 4367 399.
518 4333 579 4383 pag.
600 4320 659 4368 597.
