2798 4838
597 228 827 327 ..'5oo..
925 211 931 222 ’

632 484 667 579 q.
697 485 783 557 eto.
814 584 818 591 Ι

143 625 340 699 upa-cept
361 623 654 696 scopu-tonsis
674 629 717 681 ct
751 623 1059 684 aasumensi·
1083 630 1184 698 post
1199 627 1260 683 lte·

144 725 309 777 cretum
345 716 636 791 Totos-urrunsv
656 715 913 788 principium
940 718 1200 776 estnoltcu-
1224 717 1260 774 tn

89 829 91 837 ⁴
142 809 296 870 merito
340 812 464 866 matr.
519 807 750 866 mixtorum
775 807 1008 877 insigniter
1057 810 1178 869 tucri
1221 825 1259 868 so

336 944 338 949 .
393 902 639 958 sustentare
682 915 771 959 uon
787 905 1027 963 cessarunt·

244 1049 324 1109 Post
345 1044 542 1125 publicatum
565 1048 735 1108 Decretum
757 1044 996 1133 Tolerantlale,
1020 1049 1260 1128 abrogatumque

141 1157 175 1217 ln
203 1172 243 1215 eo
275 1150 492 1215 Reversallum
525 1172 638 1230 arsum,
665 1153 986 1233 Episcoporum
1015 1151 1258 1257 Scepusien·

142 1261 202 1321 sis
225 1254 374 1321 Caroli
397 1255 579 1318 Salbeclt
599 1251 661 1328 ⁹⁵4)
685 1262 717 1318 et
739 1257 1065 1320 Rosnaviensis
1090 1258 1257 1320 Antonii

140 1365 182 1427 Ι..
200 1366 238 1426 Β.
261 1361 486 1441 Andrtssy
505 1358 568 1444 ⁹⁶⁵)
599 1363 633 1423 in
656 1361 775 1424 tuendo
798 1365 958 1444 principio
990 1361 1159 1428 catholico
1189 1361 1257 1445 quod

22 1496 27 1505 ·
140 1471 256 1532 mixtae
277 1466 448 1547 religionis
470 1467 673 1530 matrimonia
704 1467 877 1548 singularis
906 1468 1039 1531 emicuit
1069 1467 1255 1532 sollicitudo.

141 1572 341 1649 Dolendum,
370 1570 475 1651 quod,
505 1572 668 1656 adhibitis
684 1570 762 1636 licet
784 1575 869 1635 omni
894 1572 1256 1658 industria-„excossis

139 1701 200 1761 que
223 1678 395 1759 diligenter
419 1683 489 1739 tatu
510 1679 737 1758 Scepusleusi,
768 1698 861 1759 quam
893 1680 1111 1743 Rosuaviensi
1133 1678 1255 1743 Tabula·

137 1787 216 1869 rlis,
238 1783 365 1866 plenam
386 1790 530 1846 actorum
552 1786 679 1865 praecio
702 1785 871 1873 inmerito
901 1785 934 1846 iu
956 1791 1097 1866 utraque
1121 1785 1253 1849 Dioecesl

23 1962 25 1966 Α
138 1898 214 1973 post
232 1889 430 1972 publicatum
447 1878 854 1953 Decretum'Tolerantiale
877 1891 1134 1954 interventorum
1154 1892 1253 1955 serien

136 1988 280 2060 obtinere
302 1994 389 2058 haud
411 1995 620 2075 potuerimus.
642 1996 814 2075 Sequentia
844 1993 998 2059 duntaxat
1020 1996 1124 2059 ductu
1147 1999 1252 2080 episto-

135 2101 215 2163 laris
238 2102 443 2178 commercii,
470 2099 559 2181 quod
582 2103 708 2183 utrique
738 2099 941 2182 lqudatorum
968 2102 1148 2182 insignium
1169 2103 1251 2165 Prae·

134 2205 241 2270 sulum
267 2205 310 2268 ad
337 2206 473 2266 invicem
503 2207 752 2286 intercesserat,
782 2207 822 2269 de
844 2207 1166 2291 Episcopoquidem
1186 2214 1250 2271 Sce-

129 2316 276 2392 pust'enst
304 2310 455 2390 detegere
485 2313 577 2373 nobis
608 2311 720 2375 liculte
746 2315 780 2374 iu
803 2313 972 2376 Provincia
993 2314 1139 2391 Aroerm
1166 2314 1249 2376 Pare-

131 2419 210 2480 cluos
250 2417 284 2477 in
315 2413 504 2496 copulandis
536 2420 664 2499 sponsis
696 2418 844 2495 diversae
882 2416 1051 2500 religionis
1091 2419 1247 2483 admodo·
1288 2440 1290 2451 ·

130 2521 284 2585 difficiles
306 2521 429 2600 foisse,
451 2529 502 2600 et,
525 2525 667 2603 quamvis
691 2530 820 2588 eatenus
844 2522 982 2586 Consilii
1018 2544 1148 2606 quoque
1170 2523 1248 2604 ltegt

61 2614 68 2631 s
129 2630 275 2691 lutimata
298 2625 533 2708 copulationem
557 2631 668 2708 peragi
698 2630 840 2691 iubentia
864 2632 1098 2709 emanaverint,
1122 2631 1243 2693 Praesu-
1287 2622 1290 2633 '

127 2735 170 2799 lis
192 2742 297 2796 tameu
320 2732 557 2815 vigilantissimi
589 2755 686 2814 opera
717 2755 785 2809 rem
817 2756 855 2797 eo
885 2734 1056 2797 deductam
1088 2738 1246 2814 exstitisse,

130 2847 165 2903 ut
187 2847 254 2903 tum
286 2839 325 2900 de
348 2847 437 2921 parte
460 2841 716 2901 contrahentium
744 2840 902 2903 catholica
933 2841 966 2902 in
996 2845 1156 2906 exercitio
1184 2861 1245 2905 suae

127 2945 297 3027 religionis
320 2948 503 3024 neutiquam
532 2944 709 3024 turbanda,
740 2952 808 3008 tum
835 2945 876 3006 de
907 2944 1048 3026 prolium
1080 2951 1243 3011 nascitura·

52 3068 55 3072 ’
125 3072 196 3114 rum
218 3050 377 3113 catholica
403 3050 592 3114 educatione
621 3053 722 3114 omuls
754 3052 909 3115 securitas
931 3052 1063 3133 praevie
1094 3057 1244 3135 praebere·

125 3164 198 3231 tur;
220 3157 421 3236 Episcopum
442 3158 578 3218 Romam
601 3175 726 3237 quoque
750 3159 948 3235 recurrisse,
981 3164 1015 3218 et
1035 3161 1159 3222 abinde
1180 3163 1242 3224 Bre-

126 3280 163 3322 ve
186 3260 384 3322 obtinuisse:
420 3260 477 3322 sed
509 3282 568 3324 uec
595 3281 780 3339 recursum,
808 3282 867 3324 uec
894 3263 995 3324 Breve
1023 3264 1061 3328 iu
1086 3265 1241 3330 Tabulatis

40 3373 45 3387 '
126 3364 332 3447 Scepusieusi
361 3366 575 3446 praeexistere
594 3364 669 3456 966).
691 3401 728 3413 ·-
760 3371 807 3432 De
829 3369 989 3449 Episcopo
1020 3388 1103 3436 vero
1132 3379 1240 3436 Βοω-

124 3511 372 3528 *ι*

193 3576 260 3643 964)
281 3583 314 3631 ct.
334 3573 356 3642 d.
385 3579 444 3630 240.

192 3671 260 3736 965)
281 3675 315 3723 ot.
334 3665 356 3734 d.
375 3672 437 3722 241.
457 3678 484 3721 et
502 3673 561 3723 242.
1288 3728 1290 3739 ,

192 3761 259 3827 966)
279 3767 393 3814 'rantum
403 3762 504 3824 aliquot
519 3765 705 3816 verhaBrevis
723 3766 801 3814 huius
818 3767 901 3816 citare
911 3779 1082 3833 possumus,
1098 3784 1165 3831 qnae
1176 3770 1232 3820 sn·
1288 3758 1290 3771 '

159 3870 217 3906 mus
226 3856 351 3905 Pontifex
362 3856 505 3916 Gregorius
520 3856 595 3904 XVI.
611 3856 639 3905 iu
656 3857 740 3906 Brevi
754 3859 797 3906 dd.
813 3841 1232 3920 ao.aprrt.1aaa.surrmua

157 3948 310 4011 ilungariae
338 3949 425 4005 quoad
449 3947 529 3996 mixta
547 3953 622 3996 matr.
660 3949 770 3997 dimisso
803 3943 935 4010 (iuferius
953 3946 1154 4018 producendo)
1178 3965 1232 4003 eon·

154 4042 300 4088 memorate
319 4030 520 4099 „Quaecunque
549 4039 599 4086 hac
635 4040 668 4089 de
704 4055 734 4090 re
779 4035 876 4102 (matr.
894 4037 1007 4106 mixtis)
1051 4042 1126 4097 latae
1158 4046 1232 4096 estest

156 4133 250 4196 leges,
270 4131 411 4190 oportere,
429 4133 459 4175 ut
476 4129 629 4191 Episcopus
650 4137 677 4180 et
705 4132 820 4182 Parochi
838 4134 961 4183 studiose
989 4142 1017 4185 et
1036 4140 1182 4198 prudenter
1196 4148 1229 4184 cx-

152 4227 229 4284 rent‚
249 4235 283 4272 ue
303 4219 455 4268 huiusmodi
473 4222 639 4272 matrimonia
658 4224 741 4286 ficut,
761 4225 844 4285 et,‘si
863 4227 1075 4292 contrahantur,
1095 4236 1125 4280 ut
1155 4223 1227 4292 proles

152 4315 280 4365 universa
299 4312 326 4363 in
346 4307 476 4361 catholica
494 4311 626 4380 religione
653 4317 795 4368 educetur:
816 4317 921 4378 quotics
941 4331 1026 4383 vero,
1046 4320 1117 4385 ipsis
1135 4320 1224 4376 invitis,
