<?xml version="1.0" encoding="UTF-8"?>
<!DOCTYPE html PUBLIC "-//W3C//DTD XHTML 1.0 Transitional//EN"
    "http://www.w3.org/TR/xhtml1/DTD/xhtml1-transitional.dtd">
<html xmlns="http://www.w3.org/1999/xhtml" xml:lang="en" lang="en">
 <head>
  <title>
</title>
<meta http-equiv="Content-Type" content="text/html;charset=utf-8" />
  <meta name='ocr-system' content='tesseract 3.04.00' />
  <meta name='ocr-capabilities' content='ocr_page ocr_carea ocr_par ocr_line ocrx_word'/>
</head>
<body>
  <div class='ocr_page' id='page_1' title='image "./dematrimoniismi01roskgoog_0036.png"; bbox 0 0 2798 4838; ppageno 0'>
   <div class='ocr_carea' id='block_1_1' title="bbox 618 192 873 324">
    <p class='ocr_par' dir='ltr' id='par_1_1' title="bbox 618 192 873 324">
     <span class='ocr_line' id='line_1_1' title="bbox 618 192 873 324; baseline 0 -12"><span class='ocrx_word' id='word_1_1' title='bbox 618 192 873 324; x_wconf 40' lang='lat' dir='ltr'><strong>..n-⁸</strong></span> 
     </span>
    </p>
   </div>
   <div class='ocr_carea' id='block_1_2' title="bbox 168 393 1260 1933">
    <p class='ocr_par' dir='ltr' id='par_1_2' title="bbox 168 393 1260 1933">
     <span class='ocr_line' id='line_1_2' title="bbox 171 393 1258 477; baseline 0.001 -17"><span class='ocrx_word' id='word_1_2' title='bbox 171 419 226 461; x_wconf 78' lang='lat' dir='ltr'><strong>erim</strong></span> <span class='ocrx_word' id='word_1_3' title='bbox 244 398 373 460; x_wconf 84' lang='lat' dir='ltr'><strong>ethnicis</strong></span> <span class='ocrx_word' id='word_1_4' title='bbox 397 407 428 460; x_wconf 92' lang='lat' dir='ltr'><strong>et</strong></span> <span class='ocrx_word' id='word_1_5' title='bbox 445 397 614 461; x_wconf 86' lang='lat' dir='ltr'><strong>haereticis</strong></span> <span class='ocrx_word' id='word_1_6' title='bbox 632 396 794 476; x_wconf 88' lang='lat' dir='ltr'><strong>perlatos,</strong></span> <span class='ocrx_word' id='word_1_7' title='bbox 816 395 911 477; x_wconf 81' lang='lat' dir='ltr'><strong>idque</strong></span> <span class='ocrx_word' id='word_1_8' title='bbox 929 398 1013 459; x_wconf 86' lang='lat' dir='ltr'><strong>bono</strong></span> <span class='ocrx_word' id='word_1_9' title='bbox 1029 393 1164 461; x_wconf 86' lang='lat' dir='ltr'><strong>consilio</strong></span> <span class='ocrx_word' id='word_1_10' title='bbox 1183 418 1258 461; x_wconf 89' lang='lat' dir='ltr'><strong>eon-</strong></span> 
     </span>
     <span class='ocr_line' id='line_1_3' title="bbox 170 500 1260 582; baseline 0.003 -17"><span class='ocrx_word' id='word_1_11' title='bbox 170 506 290 565; x_wconf 89' lang='lat' dir='ltr'><strong>stitntnm</strong></span> <span class='ocrx_word' id='word_1_12' title='bbox 317 523 389 565; x_wconf 85' lang='lat' dir='ltr'><strong>esse</strong></span> <span class='ocrx_word' id='word_1_13' title='bbox 418 503 576 580; x_wconf 82' lang='lat' dir='ltr'><strong>affirmet,</strong></span> <span class='ocrx_word' id='word_1_14' title='bbox 607 505 680 582; x_wconf 85' lang='lat' dir='ltr'><strong>qnia</strong></span> <span class='ocrx_word' id='word_1_15' title='bbox 710 505 806 566; x_wconf 89' lang='lat' dir='ltr'><strong>etiam</strong></span> <span class='ocrx_word' id='word_1_16' title='bbox 835 500 1033 579; x_wconf 73' lang='lat' dir='ltr'><strong>lardicias,</strong></span> <span class='ocrx_word' id='word_1_17' title='bbox 1063 522 1135 565; x_wconf 88' lang='lat' dir='ltr'><strong>cum</strong></span> <span class='ocrx_word' id='word_1_18' title='bbox 1156 502 1260 568; x_wconf 85' lang='lat' dir='ltr'><strong>Phili·</strong></span> 
     </span>
     <span class='ocr_line' id='line_1_4' title="bbox 169 606 1258 690; baseline 0.002 -20"><span class='ocrx_word' id='word_1_19' title='bbox 169 609 245 671; x_wconf 79' lang='lat' dir='ltr'><strong>stacio</strong></span> <span class='ocrx_word' id='word_1_20' title='bbox 263 610 412 690; x_wconf 73' lang='lat' dir='ltr'><strong>coniugia</strong></span> <span class='ocrx_word' id='word_1_21' title='bbox 433 608 655 689; x_wconf 75' lang='lat' dir='ltr'><strong>prohibuerita</strong></span> <span class='ocrx_word' id='word_1_22' title='bbox 676 609 767 672; x_wconf 89' lang='lat' dir='ltr'><strong>addit</strong></span> <span class='ocrx_word' id='word_1_23' title='bbox 792 616 914 686; x_wconf 87' lang='lat' dir='ltr'><strong>tamen,</strong></span> <span class='ocrx_word' id='word_1_24' title='bbox 936 606 1064 688; x_wconf 73' lang='lat' dir='ltr'><strong>„legem</strong></span> <span class='ocrx_word' id='word_1_25' title='bbox 1085 608 1167 672; x_wconf 88' lang='lat' dir='ltr'><strong>hanc</strong></span> <span class='ocrx_word' id='word_1_26' title='bbox 1188 614 1258 672; x_wconf 81' lang='lat' dir='ltr'><strong>tan·</strong></span> 
     </span>
     <span class='ocr_line' id='line_1_5' title="bbox 168 711 1257 795; baseline 0.002 -21"><span class='ocrx_word' id='word_1_27' title='bbox 168 721 216 775; x_wconf 88' lang='lat' dir='ltr'><strong>tnn</strong></span> <span class='ocrx_word' id='word_1_28' title='bbox 241 715 341 776; x_wconf 83' lang='lat' dir='ltr'><strong>instar</strong></span> <span class='ocrx_word' id='word_1_29' title='bbox 367 711 499 794; x_wconf 71' lang='lat' dir='ltr'><strong>regulae</strong></span> <span class='ocrx_word' id='word_1_30' title='bbox 528 733 585 775; x_wconf 88' lang='grc' dir='ltr'>ιιιι</span> <span class='ocrx_word' id='word_1_31' title='bbox 614 713 774 777; x_wconf 76' lang='lat' dir='ltr'>ordinarie</span> <span class='ocrx_word' id='word_1_32' title='bbox 805 712 972 777; x_wconf 85' lang='lat' dir='ltr'><strong>tenendam</strong></span> <span class='ocrx_word' id='word_1_33' title='bbox 1002 732 1090 790; x_wconf 84' lang='lat' dir='ltr'><strong>esre,</strong></span> <span class='ocrx_word' id='word_1_34' title='bbox 1121 733 1179 776; x_wconf 88' lang='lat' dir='ltr'><strong>nec</strong></span> <span class='ocrx_word' id='word_1_35' title='bbox 1199 732 1257 795; x_wconf 89' lang='lat' dir='ltr'><strong>per</strong></span> 
     </span>
     <span class='ocr_line' id='line_1_6' title="bbox 168 816 1256 900; baseline 0 -20"><span class='ocrx_word' id='word_1_36' title='bbox 168 817 346 899; x_wconf 68' lang='lat' dir='ltr'><strong>leargelinm</strong></span> <span class='ocrx_word' id='word_1_37' title='bbox 378 819 560 897; x_wconf 78' lang='lat' dir='ltr'><strong>prohiberi,</strong></span> <span class='ocrx_word' id='word_1_38' title='bbox 590 820 654 880; x_wconf 90' lang='lat' dir='ltr'><strong>nisi</strong></span> <span class='ocrx_word' id='word_1_39' title='bbox 683 818 767 899; x_wconf 86' lang='lat' dir='ltr'><strong>qnod</strong></span> <span class='ocrx_word' id='word_1_40' title='bbox 793 816 920 900; x_wconf 74' lang='lat' dir='ltr'><strong>legibus</strong></span> <span class='ocrx_word' id='word_1_41' title='bbox 942 816 1140 881; x_wconf 88' lang='lat' dir='ltr'><strong>naturalibus</strong></span> <span class='ocrx_word' id='word_1_42' title='bbox 1161 837 1256 899; x_wconf 80' lang='lat' dir='ltr'><strong>repu-</strong></span> 
     </span>
     <span class='ocr_line' id='line_1_7' title="bbox 169 922 1257 1005; baseline 0.001 -21"><span class='ocrx_word' id='word_1_43' title='bbox 169 931 238 1004; x_wconf 74' lang='lat' dir='ltr'><strong>gnat,</strong></span> <span class='ocrx_word' id='word_1_44' title='bbox 264 923 403 1002; x_wconf 84' lang='lat' dir='ltr'><strong>ideoque</strong></span> <span class='ocrx_word' id='word_1_45' title='bbox 433 928 467 985; x_wconf 86' lang='lat' dir='ltr'><strong>et</strong></span> <span class='ocrx_word' id='word_1_46' title='bbox 494 922 683 1005; x_wconf 82' lang='lat' dir='ltr'><strong>Apostolum</strong></span> <span class='ocrx_word' id='word_1_47' title='bbox 715 923 846 986; x_wconf 85' lang='lat' dir='ltr'><strong>Paulum</strong></span> <span class='ocrx_word' id='word_1_48' title='bbox 872 925 1008 1005; x_wconf 84' lang='lat' dir='ltr'><strong>jubere,</strong></span> <span class='ocrx_word' id='word_1_49' title='bbox 1038 928 1074 984; x_wconf 89' lang='lat' dir='ltr'><strong>ut</strong></span> <span class='ocrx_word' id='word_1_50' title='bbox 1099 923 1257 987; x_wconf 86' lang='lat' dir='ltr'><strong>retineant</strong></span> 
     </span>
     <span class='ocr_line' id='line_1_8' title="bbox 169 1017 1256 1109; baseline -0.001 -19"><span class='ocrx_word' id='word_1_51' title='bbox 169 1030 315 1091; x_wconf 70' lang='lat' dir='ltr'><strong>christiani</strong></span> <span class='ocrx_word' id='word_1_52' title='bbox 336 1030 507 1109; x_wconf 73' lang='lat' dir='ltr'><strong>coniuges,</strong></span> <span class='ocrx_word' id='word_1_53' title='bbox 539 1030 595 1109; x_wconf 84' lang='lat' dir='ltr'><strong>oui</strong></span> <span class='ocrx_word' id='word_1_54' title='bbox 613 1017 736 1092; x_wconf 62' lang='lat' dir='ltr'><strong>uolunt</strong></span> <span class='ocrx_word' id='word_1_55' title='bbox 757 1049 882 1091; x_wconf 88' lang='lat' dir='ltr'><strong>manere</strong></span> <span class='ocrx_word' id='word_1_56' title='bbox 904 1030 937 1090; x_wconf 93' lang='lat' dir='ltr'><strong>in</strong></span> <span class='ocrx_word' id='word_1_57' title='bbox 959 1026 1071 1090; x_wconf 88' lang='lat' dir='ltr'><strong>endem</strong></span> <span class='ocrx_word' id='word_1_58' title='bbox 1092 1028 1256 1108; x_wconf 70' lang='lat' dir='ltr'><strong>coniugio,</strong></span> 
     </span>
     <span class='ocr_line' id='line_1_9' title="bbox 168 1131 1255 1214; baseline 0.001 -22"><span class='ocrx_word' id='word_1_59' title='bbox 168 1134 348 1197; x_wconf 86' lang='lat' dir='ltr'><strong>etiamsinon</strong></span> <span class='ocrx_word' id='word_1_60' title='bbox 370 1133 602 1212; x_wconf 79' lang='lat' dir='ltr'><strong>amplectantur</strong></span> <span class='ocrx_word' id='word_1_61' title='bbox 622 1135 754 1197; x_wconf 89' lang='lat' dir='ltr'><strong>eandem</strong></span> <span class='ocrx_word' id='word_1_62' title='bbox 778 1132 997 1214; x_wconf 73' lang='lat' dir='ltr'><strong>religionem.&#39;&#39;</strong></span> <span class='ocrx_word' id='word_1_63' title='bbox 1030 1131 1255 1211; x_wconf 59' lang='lat' dir='ltr'><strong>Lethernm</strong></span> 
     </span>
     <span class='ocr_line' id='line_1_10' title="bbox 168 1237 1254 1320; baseline 0.002 -22"><span class='ocrx_word' id='word_1_64' title='bbox 168 1237 377 1314; x_wconf 73' lang='lat' dir='ltr'><strong>reformationis</strong></span> <span class='ocrx_word' id='word_1_65' title='bbox 406 1246 515 1320; x_wconf 89' lang='lat' dir='ltr'><strong>pater,</strong></span> <span class='ocrx_word' id='word_1_66' title='bbox 547 1246 582 1300; x_wconf 90' lang='lat' dir='ltr'><strong>nt</strong></span> <span class='ocrx_word' id='word_1_67' title='bbox 610 1237 709 1315; x_wconf 86' lang='lat' dir='ltr'><strong>alibi,</strong></span> <span class='ocrx_word' id='word_1_68' title='bbox 740 1242 788 1302; x_wconf 87' lang='lat' dir='ltr'><strong>sie</strong></span> <span class='ocrx_word' id='word_1_69' title='bbox 816 1240 870 1301; x_wconf 87' lang='lat' dir='ltr'><strong>hic</strong></span> <span class='ocrx_word' id='word_1_70' title='bbox 897 1257 1023 1318; x_wconf 80' lang='lat' dir='ltr'><strong>oenone</strong></span> <span class='ocrx_word' id='word_1_71' title='bbox 1052 1239 1116 1300; x_wconf 83' lang='lat' dir='ltr'><strong>sibi</strong></span> <span class='ocrx_word' id='word_1_72' title='bbox 1135 1257 1254 1318; x_wconf 81' lang='lat' dir='ltr'><strong>nequa·</strong></span> 
     </span>
     <span class='ocr_line' id='line_1_11' title="bbox 169 1343 1253 1423; baseline -0.003 -17"><span class='ocrx_word' id='word_1_73' title='bbox 169 1361 237 1422; x_wconf 75' lang='lat' dir='ltr'><strong>quan</strong></span> <span class='ocrx_word' id='word_1_74' title='bbox 258 1346 416 1407; x_wconf 83' lang='lat' dir='ltr'><strong>constitit:</strong></span> <span class='ocrx_word' id='word_1_75' title='bbox 451 1365 524 1406; x_wconf 89' lang='lat' dir='ltr'><strong>narn</strong></span> <span class='ocrx_word' id='word_1_76' title='bbox 554 1346 610 1423; x_wconf 89' lang='lat' dir='ltr'><strong>qni</strong></span> <span class='ocrx_word' id='word_1_77' title='bbox 636 1345 669 1405; x_wconf 91' lang='lat' dir='ltr'><strong>iu</strong></span> <span class='ocrx_word' id='word_1_78' title='bbox 691 1363 837 1409; x_wconf 86' lang='lat' dir='ltr'><strong>sermone</strong></span> <span class='ocrx_word' id='word_1_79' title='bbox 859 1363 916 1407; x_wconf 86' lang='lat' dir='ltr'><strong>sno</strong></span> <span class='ocrx_word' id='word_1_80' title='bbox 937 1343 979 1405; x_wconf 85' lang='lat' dir='ltr'><strong>dc</strong></span> <span class='ocrx_word' id='word_1_81' title='bbox 1000 1343 1148 1423; x_wconf 77' lang='lat' dir='ltr'><strong>coningio</strong></span> <span class='ocrx_word' id='word_1_82' title='bbox 1171 1363 1253 1405; x_wconf 87' lang='lat' dir='ltr'><strong>anno</strong></span> 
     </span>
     <span class='ocr_line' id='line_1_12' title="bbox 171 1447 1255 1529; baseline 0.001 -22"><span class='ocrx_word' id='word_1_83' title='bbox 171 1453 238 1510; x_wconf 82' lang='lat' dir='ltr'><strong>liti.</strong></span> <span class='ocrx_word' id='word_1_84' title='bbox 254 1449 363 1512; x_wconf 84' lang='lat' dir='ltr'><strong>habito</strong></span> <span class='ocrx_word' id='word_1_85' title='bbox 386 1467 444 1529; x_wconf 90' lang='lat' dir='ltr'><strong>pro</strong></span> <span class='ocrx_word' id='word_1_86' title='bbox 466 1447 653 1510; x_wconf 81' lang='lat' dir='ltr'><strong>defensione</strong></span> <span class='ocrx_word' id='word_1_87' title='bbox 674 1451 867 1513; x_wconf 74' lang='lat' dir='ltr'><strong>matrimonii</strong></span> <span class='ocrx_word' id='word_1_88' title='bbox 881 1451 964 1510; x_wconf 90' lang='lat' dir='ltr'><strong>inter</strong></span> <span class='ocrx_word' id='word_1_89' title='bbox 986 1449 1200 1511; x_wconf 85' lang='lat' dir='ltr'><strong>Christianum</strong></span> <span class='ocrx_word' id='word_1_90' title='bbox 1222 1452 1255 1508; x_wconf 90' lang='lat' dir='ltr'><strong>et</strong></span> 
     </span>
     <span class='ocr_line' id='line_1_13' title="bbox 170 1551 1250 1618; baseline 0.004 -8"><span class='ocrx_word' id='word_1_91' title='bbox 170 1551 295 1616; x_wconf 81' lang='lat' dir='ltr'><strong>infidelem</strong></span> <span class='ocrx_word' id='word_1_92' title='bbox 317 1561 375 1615; x_wconf 89' lang='lat' dir='ltr'><strong>aut</strong></span> <span class='ocrx_word' id='word_1_93' title='bbox 396 1554 587 1616; x_wconf 84' lang='lat' dir='ltr'><strong>haereticam</strong></span> <span class='ocrx_word' id='word_1_94' title='bbox 610 1556 641 1615; x_wconf 92' lang='lat' dir='ltr'><strong>in</strong></span> <span class='ocrx_word' id='word_1_95' title='bbox 663 1575 790 1618; x_wconf 79' lang='lat' dir='ltr'><strong>arenam</strong></span> <span class='ocrx_word' id='word_1_96' title='bbox 820 1554 1001 1616; x_wconf 81' lang='lat' dir='ltr'><strong>descendit:</strong></span> <span class='ocrx_word' id='word_1_97' title='bbox 1033 1555 1061 1615; x_wconf 95' lang='lat' dir='ltr'><strong>is</strong></span> <span class='ocrx_word' id='word_1_98' title='bbox 1097 1573 1126 1614; x_wconf 92' lang='lat' dir='ltr'><strong>a.</strong></span> <span class='ocrx_word' id='word_1_99' title='bbox 1159 1557 1250 1614; x_wconf 70' lang='lat'><strong>1529.</strong></span> 
     </span>
     <span class='ocr_line' id='line_1_14' title="bbox 173 1654 1252 1739; baseline 0.001 -23"><span class='ocrx_word' id='word_1_100' title='bbox 173 1654 326 1720; x_wconf 77' lang='lat' dir='ltr'><strong>carnarium</strong></span> <span class='ocrx_word' id='word_1_101' title='bbox 356 1657 509 1737; x_wconf 87' lang='lat' dir='ltr'><strong>tradidit,</strong></span> <span class='ocrx_word' id='word_1_102' title='bbox 540 1680 576 1721; x_wconf 90' lang='lat' dir='ltr'><strong>ae</strong></span> <span class='ocrx_word' id='word_1_103' title='bbox 605 1657 710 1739; x_wconf 76' lang='lat' dir='ltr'><strong>legem</strong></span> <span class='ocrx_word' id='word_1_104' title='bbox 737 1662 769 1721; x_wconf 93' lang='lat' dir='ltr'><strong>in</strong></span> <span class='ocrx_word' id='word_1_105' title='bbox 800 1660 872 1723; x_wconf 88' lang='lat' dir='ltr'><strong>Vet.</strong></span> <span class='ocrx_word' id='word_1_106' title='bbox 896 1659 986 1721; x_wconf 78' lang='lat' dir='ltr'><strong>&#39;lest</strong></span> <span class='ocrx_word' id='word_1_107' title='bbox 1015 1656 1164 1719; x_wconf 85' lang='lat' dir='ltr'><strong>adversus</strong></span> <span class='ocrx_word' id='word_1_108' title='bbox 1187 1676 1252 1717; x_wconf 92' lang='lat' dir='ltr'><strong>ma·</strong></span> 
     </span>
     <span class='ocr_line' id='line_1_15' title="bbox 178 1759 1252 1847; baseline 0.002 -27"><span class='ocrx_word' id='word_1_109' title='bbox 178 1760 285 1825; x_wconf 81' lang='lat' dir='ltr'><strong>tdnoaia</strong></span> <span class='ocrx_word' id='word_1_110' title='bbox 303 1772 377 1826; x_wconf 82' lang='lat' dir='ltr'><strong>enm</strong></span> <span class='ocrx_word' id='word_1_111' title='bbox 401 1764 606 1826; x_wconf 81' lang='lat' dir='ltr'><strong>chanaanitis</strong></span> <span class='ocrx_word' id='word_1_112' title='bbox 628 1764 724 1827; x_wconf 86' lang='lat' dir='ltr'><strong>latam</strong></span> <span class='ocrx_word' id='word_1_113' title='bbox 747 1765 787 1826; x_wconf 88' lang='lat' dir='ltr'><strong>ad</strong></span> <span class='ocrx_word' id='word_1_114' title='bbox 809 1784 868 1826; x_wconf 89' lang='lat' dir='ltr'><strong>sua</strong></span> <span class='ocrx_word' id='word_1_115' title='bbox 889 1771 1032 1847; x_wconf 87' lang='lat' dir='ltr'><strong>tempera</strong></span> <span class='ocrx_word' id='word_1_116' title='bbox 1046 1759 1252 1841; x_wconf 75' lang='lat' dir='ltr'><strong>adplicando,</strong></span> 
     </span>
     <span class='ocr_line' id='line_1_16' title="bbox 174 1868 1089 1933; baseline 0.001 -5"><span class='ocrx_word' id='word_1_117' title='bbox 174 1869 332 1931; x_wconf 76' lang='lat' dir='ltr'><strong>menonis</strong></span> <span class='ocrx_word' id='word_1_118' title='bbox 354 1868 610 1931; x_wconf 85' lang='lat' dir='ltr'><strong>Lutlierannrum</strong></span> <span class='ocrx_word' id='word_1_119' title='bbox 632 1890 703 1932; x_wconf 92' lang='lat' dir='ltr'><strong>cnm</strong></span> <span class='ocrx_word' id='word_1_120' title='bbox 725 1869 902 1933; x_wconf 76' lang='lat' dir='ltr'><strong>Catholicis</strong></span> <span class='ocrx_word' id='word_1_121' title='bbox 927 1868 1089 1932; x_wconf 85' lang='lat' dir='ltr'><strong>dissuasit.</strong></span> 
     </span>
    </p>
   </div>
   <div class='ocr_carea' id='block_1_3' title="bbox 553 1968 739 2132">
    <p class='ocr_par' dir='ltr' id='par_1_3' title="bbox 553 1968 739 2132">
     <span class='ocr_line' id='line_1_17' title="bbox 553 1968 739 2132; baseline -0.005 -22"><span class='ocrx_word' id='word_1_122' title='bbox 553 1968 563 2005; x_wconf 46' lang='lat'><em>³</em></span> <span class='ocrx_word' id='word_1_123' title='bbox 642 2036 739 2132; x_wconf 72' lang='lat' dir='ltr'><strong>§.a</strong></span> 
     </span>
    </p>
   </div>
   <div class='ocr_carea' id='block_1_4' title="bbox 115 2172 1251 2431">
    <p class='ocr_par' dir='ltr' id='par_1_4' title="bbox 115 2172 1251 2431">
     <span class='ocr_line' id='line_1_18' title="bbox 115 2172 1250 2243; baseline 0.003 -12"><span class='ocrx_word' id='word_1_124' title='bbox 115 2182 116 2186; x_wconf 75' lang='grc'>’</span> <span class='ocrx_word' id='word_1_125' title='bbox 159 2174 341 2235; x_wconf 70' lang='lat' dir='ltr'><strong>rotense</strong></span> <span class='ocrx_word' id='word_1_126' title='bbox 368 2177 677 2235; x_wconf 67' lang='lat' dir='ltr'><strong>catholicandus</strong></span> <span class='ocrx_word' id='word_1_127' title='bbox 704 2181 828 2236; x_wconf 79' lang='lat' dir='ltr'><strong>matr.</strong></span> <span class='ocrx_word' id='word_1_128' title='bbox 854 2177 999 2237; x_wconf 81' lang='lat' dir='ltr'><strong>mixtis</strong></span> <span class='ocrx_word' id='word_1_129' title='bbox 1026 2172 1250 2243; x_wconf 78' lang='lat' dir='ltr'><strong>sententio·</strong></span> 
     </span>
     <span class='ocr_line' id='line_1_19' title="bbox 157 2263 1251 2339; baseline 0.001 -17"><span class='ocrx_word' id='word_1_130' title='bbox 157 2266 411 2339; x_wconf 69' lang='grc' dir='ltr'>θιιιςιιιςιιιιο</span> <span class='ocrx_word' id='word_1_131' title='bbox 428 2272 620 2326; x_wconf 74' lang='lat' dir='ltr'><strong>Romano</strong></span> <span class='ocrx_word' id='word_1_132' title='bbox 638 2270 675 2326; x_wconf 74' lang='lat' dir='ltr'><strong>S.</strong></span> <span class='ocrx_word' id='word_1_133' title='bbox 692 2267 828 2327; x_wconf 72' lang='lat' dir='ltr'><strong>Officii</strong></span> <span class='ocrx_word' id='word_1_134' title='bbox 847 2271 898 2328; x_wconf 83' lang='lat' dir='ltr'><strong>dc</strong></span> <span class='ocrx_word' id='word_1_135' title='bbox 909 2269 1062 2327; x_wconf 78' lang='lat' dir='ltr'><strong>iisdem</strong></span> <span class='ocrx_word' id='word_1_136' title='bbox 1081 2263 1251 2338; x_wconf 74' lang='lat' dir='ltr'><strong>saeptus</strong></span> 
     </span>
     <span class='ocr_line' id='line_1_20' title="bbox 319 2358 1063 2431; baseline -0.001 -14"><span class='ocrx_word' id='word_1_137' title='bbox 319 2358 602 2431; x_wconf 69' lang='lat' dir='ltr'><strong>interrogata,</strong></span> <span class='ocrx_word' id='word_1_138' title='bbox 621 2361 854 2420; x_wconf 75' lang='lat' dir='ltr'><strong>decisiones</strong></span> <span class='ocrx_word' id='word_1_139' title='bbox 872 2361 1063 2431; x_wconf 83' lang='lat' dir='ltr'><strong>pcrtrrlit.</strong></span> 
     </span>
    </p>
   </div>
   <div class='ocr_carea' id='block_1_5' title="bbox 131 2519 1317 4381">
    <p class='ocr_par' dir='ltr' id='par_1_5' title="bbox 131 2519 1317 4381">
     <span class='ocr_line' id='line_1_21' title="bbox 232 2519 1248 2602; baseline -0.003 -20"><span class='ocrx_word' id='word_1_140' title='bbox 232 2520 279 2582; x_wconf 78' lang='lat' dir='ltr'><strong>lix</strong></span> <span class='ocrx_word' id='word_1_141' title='bbox 310 2521 391 2582; x_wconf 90' lang='lat' dir='ltr'><strong>actis</strong></span> <span class='ocrx_word' id='word_1_142' title='bbox 423 2519 672 2598; x_wconf 85' lang='lat' dir='ltr'><strong>ecclesiasticis,</strong></span> <span class='ocrx_word' id='word_1_143' title='bbox 704 2527 736 2583; x_wconf 91' lang='lat' dir='ltr'><strong>et</strong></span> <span class='ocrx_word' id='word_1_144' title='bbox 767 2519 982 2602; x_wconf 77' lang='lat' dir='ltr'><strong>synodalibus</strong></span> <span class='ocrx_word' id='word_1_145' title='bbox 1013 2520 1186 2600; x_wconf 89' lang='lat' dir='ltr'><strong>primorum</strong></span> <span class='ocrx_word' id='word_1_146' title='bbox 1210 2519 1248 2580; x_wconf 87' lang='lat' dir='ltr'><strong>ab</strong></span> 
     </span>
     <span class='ocr_line' id='line_1_22' title="bbox 148 2625 1248 2707; baseline 0.003 -25"><span class='ocrx_word' id='word_1_147' title='bbox 148 2631 260 2706; x_wconf 85' lang='lat' dir='ltr'><strong>occepta</strong></span> <span class='ocrx_word' id='word_1_148' title='bbox 285 2625 525 2686; x_wconf 85' lang='lat' dir='ltr'><strong>llel&#39;ormatione</strong></span> <span class='ocrx_word' id='word_1_149' title='bbox 548 2633 723 2706; x_wconf 88' lang='lat' dir='ltr'><strong>temporum</strong></span> <span class='ocrx_word' id='word_1_150' title='bbox 746 2647 810 2688; x_wconf 91' lang='lat' dir='ltr'><strong>non</strong></span> <span class='ocrx_word' id='word_1_151' title='bbox 831 2625 905 2707; x_wconf 93' lang='lat' dir='ltr'><strong>plus</strong></span> <span class='ocrx_word' id='word_1_152' title='bbox 928 2628 1013 2688; x_wconf 87' lang='lat' dir='ltr'><strong>circa</strong></span> <span class='ocrx_word' id='word_1_153' title='bbox 1032 2626 1248 2705; x_wconf 79' lang='lat' dir='ltr'><strong>orraestinncm</strong></span> 
     </span>
     <span class='ocr_line' id='line_1_23' title="bbox 147 2725 1317 2811; baseline 0.008 -25"><span class='ocrx_word' id='word_1_154' title='bbox 147 2725 176 2789; x_wconf 90' lang='lat' dir='ltr'><strong>de</strong></span> <span class='ocrx_word' id='word_1_155' title='bbox 193 2731 301 2793; x_wconf 80' lang='lat' dir='ltr'><strong>mistis</strong></span> <span class='ocrx_word' id='word_1_156' title='bbox 322 2731 533 2803; x_wconf 77' lang='lat' dir='ltr'><strong>matrimoniis</strong></span> <span class='ocrx_word' id='word_1_157' title='bbox 555 2730 632 2791; x_wconf 89' lang='lat' dir='ltr'><strong>lieet</strong></span> <span class='ocrx_word' id='word_1_158' title='bbox 650 2750 777 2809; x_wconf 86' lang='lat' dir='ltr'><strong>eruere,</strong></span> <span class='ocrx_word' id='word_1_159' title='bbox 800 2751 891 2810; x_wconf 84' lang='lat' dir='ltr'><strong>qrram</strong></span> <span class='ocrx_word' id='word_1_160' title='bbox 912 2732 996 2811; x_wconf 75' lang='lat' dir='ltr'><strong>rpuod</strong></span> <span class='ocrx_word' id='word_1_161' title='bbox 1015 2729 1161 2793; x_wconf 76' lang='lat' dir='ltr'><strong>Ecclesia</strong></span> <span class='ocrx_word' id='word_1_162' title='bbox 1181 2729 1248 2790; x_wconf 84' lang='lat' dir='ltr'><strong>llo·</strong></span> <span class='ocrx_word' id='word_1_163' title='bbox 1310 2774 1317 2795; x_wconf 61' lang='grc' dir='ltr'><strong>ι</strong></span> 
     </span>
     <span class='ocr_line' id='line_1_24' title="bbox 145 2831 1248 2915; baseline -0.002 -22"><span class='ocrx_word' id='word_1_164' title='bbox 145 2851 220 2897; x_wconf 87' lang='lat' dir='ltr'><strong>nana</strong></span> <span class='ocrx_word' id='word_1_165' title='bbox 250 2854 360 2902; x_wconf 90' lang='lat' dir='ltr'><strong>omnes</strong></span> <span class='ocrx_word' id='word_1_166' title='bbox 391 2844 522 2896; x_wconf 89' lang='lat' dir='ltr'><strong>conatus</strong></span> <span class='ocrx_word' id='word_1_167' title='bbox 557 2855 632 2896; x_wconf 79' lang='lat' dir='ltr'><strong>sares</strong></span> <span class='ocrx_word' id='word_1_168' title='bbox 664 2856 701 2897; x_wconf 89' lang='lat' dir='ltr'><strong>eo</strong></span> <span class='ocrx_word' id='word_1_169' title='bbox 724 2839 931 2912; x_wconf 75' lang='lat' dir='ltr'><strong>converterit,</strong></span> <span class='ocrx_word' id='word_1_170' title='bbox 964 2845 998 2896; x_wconf 92' lang='lat' dir='ltr'><strong>ut</strong></span> <span class='ocrx_word' id='word_1_171' title='bbox 1027 2831 1248 2915; x_wconf 77' lang='lat' dir='ltr'><strong>propagationi</strong></span> 
     </span>
     <span class='ocr_line' id='line_1_25' title="bbox 144 2938 1247 3020; baseline 0.003 -23"><span class='ocrx_word' id='word_1_172' title='bbox 144 2956 227 3001; x_wconf 83' lang='lat' dir='ltr'><strong>novae</strong></span> <span class='ocrx_word' id='word_1_173' title='bbox 248 2938 416 3020; x_wconf 69' lang='lat' dir='ltr'><strong>religionis</strong></span> <span class='ocrx_word' id='word_1_174' title='bbox 439 2941 562 3001; x_wconf 83' lang='lat' dir='ltr'><strong>obicem</strong></span> <span class='ocrx_word' id='word_1_175' title='bbox 584 2949 699 3020; x_wconf 84' lang='lat' dir='ltr'><strong>ponat,</strong></span> <span class='ocrx_word' id='word_1_176' title='bbox 722 2949 926 3020; x_wconf 85' lang='lat' dir='ltr'><strong>errantesque</strong></span> <span class='ocrx_word' id='word_1_177' title='bbox 948 2938 990 3001; x_wconf 88' lang='lat' dir='ltr'><strong>ad</strong></span> <span class='ocrx_word' id='word_1_178' title='bbox 1010 2941 1091 3003; x_wconf 82' lang='lat' dir='ltr'><strong>viam</strong></span> <span class='ocrx_word' id='word_1_179' title='bbox 1106 2938 1247 3000; x_wconf 81' lang='lat' dir='ltr'><strong>veritatis</strong></span> 
     </span>
     <span class='ocr_line' id='line_1_26' title="bbox 143 3042 1247 3123; baseline 0.004 -22"><span class='ocrx_word' id='word_1_180' title='bbox 143 3042 267 3107; x_wconf 89' lang='lat' dir='ltr'><strong>reducat.</strong></span> <span class='ocrx_word' id='word_1_181' title='bbox 308 3045 499 3106; x_wconf 79' lang='lat' dir='ltr'><strong>Cuiusmodi</strong></span> <span class='ocrx_word' id='word_1_182' title='bbox 529 3052 660 3107; x_wconf 84' lang='lat' dir='ltr'><strong>renatus</strong></span> <span class='ocrx_word' id='word_1_183' title='bbox 683 3045 848 3108; x_wconf 76' lang='lat' dir='ltr'><strong>lieelesiae</strong></span> <span class='ocrx_word' id='word_1_184' title='bbox 871 3048 1031 3108; x_wconf 86' lang='lat' dir='ltr'><strong>Romanae</strong></span> <span class='ocrx_word' id='word_1_185' title='bbox 1052 3064 1115 3106; x_wconf 90' lang='lat' dir='ltr'><strong>neu</strong></span> <span class='ocrx_word' id='word_1_186' title='bbox 1136 3061 1247 3123; x_wconf 88' lang='lat' dir='ltr'><strong>parum</strong></span> 
     </span>
     <span class='ocr_line' id='line_1_27' title="bbox 142 3150 1247 3236; baseline 0.001 -28"><span class='ocrx_word' id='word_1_187' title='bbox 142 3155 355 3236; x_wconf 80' lang='lat' dir='ltr'><strong>pmmoeernnt</strong></span> <span class='ocrx_word' id='word_1_188' title='bbox 371 3169 426 3211; x_wconf 88' lang='lat' dir='ltr'><strong>eae</strong></span> <span class='ocrx_word' id='word_1_189' title='bbox 448 3151 629 3231; x_wconf 85' lang='lat' dir='ltr'><strong>Principum</strong></span> <span class='ocrx_word' id='word_1_190' title='bbox 653 3150 893 3212; x_wconf 79' lang='lat' dir='ltr'><strong>catholicorum</strong></span> <span class='ocrx_word' id='word_1_191' title='bbox 916 3152 1145 3226; x_wconf 84' lang='lat' dir='ltr'><strong>ordinationes,</strong></span> <span class='ocrx_word' id='word_1_192' title='bbox 1167 3168 1247 3227; x_wconf 88' lang='lat' dir='ltr'><strong>quae</strong></span> 
     </span>
     <span class='ocr_line' id='line_1_28' title="bbox 142 3253 1247 3341; baseline 0.005 -30"><span class='ocrx_word' id='word_1_193' title='bbox 142 3256 329 3316; x_wconf 83' lang='lat' dir='ltr'><strong>matrimonia</strong></span> <span class='ocrx_word' id='word_1_194' title='bbox 361 3254 598 3341; x_wconf 80' lang='lat' dir='ltr'><strong>catholicorum</strong></span> <span class='ocrx_word' id='word_1_195' title='bbox 628 3256 826 3318; x_wconf 85' lang='lat' dir='ltr'><strong>subditomrm</strong></span> <span class='ocrx_word' id='word_1_196' title='bbox 849 3272 918 3318; x_wconf 79' lang='lat' dir='ltr'><strong>earm</strong></span> <span class='ocrx_word' id='word_1_197' title='bbox 940 3276 1040 3319; x_wconf 80' lang='lat' dir='ltr'><strong>novae</strong></span> <span class='ocrx_word' id='word_1_198' title='bbox 1062 3262 1167 3318; x_wconf 87' lang='lat' dir='ltr'><strong>sectae</strong></span> <span class='ocrx_word' id='word_1_199' title='bbox 1188 3253 1247 3316; x_wconf 86' lang='lat' dir='ltr'><strong>ho-</strong></span> 
     </span>
     <span class='ocr_line' id='line_1_29' title="bbox 143 3357 1247 3440; baseline 0.004 -24"><span class='ocrx_word' id='word_1_200' title='bbox 143 3358 267 3421; x_wconf 85' lang='lat' dir='ltr'><strong>minibus</strong></span> <span class='ocrx_word' id='word_1_201' title='bbox 291 3359 510 3437; x_wconf 75' lang='lat' dir='ltr'><strong>laudaliter,</strong></span> <span class='ocrx_word' id='word_1_202' title='bbox 534 3357 625 3440; x_wconf 80' lang='lat' dir='ltr'><strong>quam</strong></span> <span class='ocrx_word' id='word_1_203' title='bbox 648 3363 706 3422; x_wconf 88' lang='lat' dir='ltr'><strong>sub</strong></span> <span class='ocrx_word' id='word_1_204' title='bbox 729 3362 912 3423; x_wconf 90' lang='lat' dir='ltr'><strong>conditione</strong></span> <span class='ocrx_word' id='word_1_205' title='bbox 927 3361 1127 3425; x_wconf 84' lang='lat' dir='ltr'><strong>educationis</strong></span> <span class='ocrx_word' id='word_1_206' title='bbox 1146 3360 1247 3421; x_wconf 90' lang='lat' dir='ltr'><strong>omni-</strong></span> 
     </span>
     <span class='ocr_line' id='line_1_30' title="bbox 142 3462 1247 3544; baseline 0.002 -21"><span class='ocrx_word' id='word_1_207' title='bbox 142 3479 183 3523; x_wconf 85' lang='lat' dir='ltr'><strong>um</strong></span> <span class='ocrx_word' id='word_1_208' title='bbox 203 3463 341 3544; x_wconf 87' lang='lat' dir='ltr'><strong>prolium</strong></span> <span class='ocrx_word' id='word_1_209' title='bbox 369 3466 403 3525; x_wconf 92' lang='lat' dir='ltr'><strong>in</strong></span> <span class='ocrx_word' id='word_1_210' title='bbox 433 3463 515 3526; x_wconf 86' lang='lat' dir='ltr'><strong>Fide</strong></span> <span class='ocrx_word' id='word_1_211' title='bbox 536 3465 732 3544; x_wconf 81' lang='lat' dir='ltr'><strong>orthodoxa,</strong></span> <span class='ocrx_word' id='word_1_212' title='bbox 765 3472 887 3527; x_wconf 89' lang='lat' dir='ltr'><strong>etcum</strong></span> <span class='ocrx_word' id='word_1_213' title='bbox 909 3470 989 3529; x_wconf 89' lang='lat' dir='ltr'><strong>ritus</strong></span> <span class='ocrx_word' id='word_1_214' title='bbox 1017 3463 1168 3528; x_wconf 85' lang='lat' dir='ltr'><strong>catholici</strong></span> <span class='ocrx_word' id='word_1_215' title='bbox 1189 3462 1247 3526; x_wconf 89' lang='lat' dir='ltr'><strong>ad-</strong></span> 
     </span>
     <span class='ocr_line' id='line_1_31' title="bbox 142 3568 1246 3653; baseline 0.003 -25"><span class='ocrx_word' id='word_1_216' title='bbox 142 3569 364 3632; x_wconf 85' lang='lat' dir='ltr'><strong>ministratione</strong></span> <span class='ocrx_word' id='word_1_217' title='bbox 387 3570 532 3632; x_wconf 87' lang='lat' dir='ltr'><strong>contralri</strong></span> <span class='ocrx_word' id='word_1_218' title='bbox 553 3571 756 3632; x_wconf 88' lang='lat' dir='ltr'><strong>admiserunt.</strong></span> <span class='ocrx_word' id='word_1_219' title='bbox 790 3568 938 3633; x_wconf 86' lang='lat' dir='ltr'><strong>Paulus</strong></span> <span class='ocrx_word' id='word_1_220' title='bbox 960 3591 1054 3653; x_wconf 89' lang='lat' dir='ltr'><strong>perro</strong></span> <span class='ocrx_word' id='word_1_221' title='bbox 1078 3570 1131 3632; x_wconf 89' lang='lat' dir='ltr'><strong>lll.</strong></span> <span class='ocrx_word' id='word_1_222' title='bbox 1153 3568 1246 3631; x_wconf 89' lang='lat' dir='ltr'><strong>Snm·</strong></span> 
     </span>
     <span class='ocr_line' id='line_1_32' title="bbox 140 3673 1247 3764; baseline 0.005 -32"><span class='ocrx_word' id='word_1_223' title='bbox 140 3689 200 3735; x_wconf 86' lang='lat' dir='ltr'><strong>mns</strong></span> <span class='ocrx_word' id='word_1_224' title='bbox 230 3673 380 3735; x_wconf 80' lang='lat' dir='ltr'><strong>Pontifex</strong></span> <span class='ocrx_word' id='word_1_225' title='bbox 410 3694 490 3735; x_wconf 91' lang='lat' dir='ltr'><strong>anno</strong></span> <span class='ocrx_word' id='word_1_226' title='bbox 523 3679 614 3738; x_wconf 78' lang='lat'><strong>1542.</strong></span> <span class='ocrx_word' id='word_1_227' title='bbox 641 3674 834 3756; x_wconf 86' lang='lat' dir='ltr'><strong>peculiarem</strong></span> <span class='ocrx_word' id='word_1_228' title='bbox 855 3678 995 3764; x_wconf 88' lang='lat' dir='ltr'><strong>institnit</strong></span> <span class='ocrx_word' id='word_1_229' title='bbox 1017 3676 1247 3757; x_wconf 76' lang='lat' dir='ltr'><strong>congregatio·</strong></span> 
     </span>
     <span class='ocr_line' id='line_1_33' title="bbox 139 3778 1244 3861; baseline 0.006 -24"><span class='ocrx_word' id='word_1_230' title='bbox 139 3794 220 3859; x_wconf 89' lang='lat' dir='ltr'><strong>nem,</strong></span> <span class='ocrx_word' id='word_1_231' title='bbox 258 3782 352 3840; x_wconf 77' lang='lat' dir='ltr'><strong>Sacri</strong></span> <span class='ocrx_word' id='word_1_232' title='bbox 384 3778 487 3854; x_wconf 73' lang='lat' dir='ltr'><strong>Officii</strong></span> <span class='ocrx_word' id='word_1_233' title='bbox 515 3779 649 3858; x_wconf 89' lang='lat' dir='ltr'><strong>dictam,</strong></span> <span class='ocrx_word' id='word_1_234' title='bbox 688 3800 768 3861; x_wconf 86' lang='lat' dir='ltr'><strong>qnae</strong></span> <span class='ocrx_word' id='word_1_235' title='bbox 798 3801 890 3842; x_wconf 92' lang='lat' dir='ltr'><strong>curas</strong></span> <span class='ocrx_word' id='word_1_236' title='bbox 920 3801 996 3844; x_wconf 88' lang='lat' dir='ltr'><strong>suas</strong></span> <span class='ocrx_word' id='word_1_237' title='bbox 1027 3801 1064 3843; x_wconf 90' lang='lat' dir='ltr'><strong>eo</strong></span> <span class='ocrx_word' id='word_1_238' title='bbox 1096 3781 1244 3844; x_wconf 79' lang='lat' dir='ltr'><strong>extende-</strong></span> 
     </span>
     <span class='ocr_line' id='line_1_34' title="bbox 136 3884 1301 3966; baseline 0.005 -23"><span class='ocrx_word' id='word_1_239' title='bbox 136 3885 198 3963; x_wconf 87' lang='lat' dir='ltr'><strong>ret,</strong></span> <span class='ocrx_word' id='word_1_240' title='bbox 225 3888 262 3944; x_wconf 92' lang='lat' dir='ltr'><strong>nt</strong></span> <span class='ocrx_word' id='word_1_241' title='bbox 292 3884 515 3965; x_wconf 72' lang='lat' dir='ltr'><strong>propagationi</strong></span> <span class='ocrx_word' id='word_1_242' title='bbox 544 3905 687 3949; x_wconf 84' lang='lat' dir='ltr'><strong>errorum</strong></span> <span class='ocrx_word' id='word_1_243' title='bbox 713 3887 748 3948; x_wconf 88' lang='lat' dir='ltr'><strong>ln</strong></span> <span class='ocrx_word' id='word_1_244' title='bbox 777 3888 842 3950; x_wconf 87' lang='lat' dir='ltr'><strong>tide</strong></span> <span class='ocrx_word' id='word_1_245' title='bbox 873 3905 1011 3966; x_wconf 78' lang='lat' dir='ltr'><strong>congrua</strong></span> <span class='ocrx_word' id='word_1_246' title='bbox 1041 3906 1077 3948; x_wconf 88' lang='lat' dir='ltr'><strong>ac</strong></span> <span class='ocrx_word' id='word_1_247' title='bbox 1100 3886 1244 3949; x_wconf 78' lang='lat' dir='ltr'><strong>efficacia</strong></span> <span class='ocrx_word' id='word_1_248' title='bbox 1298 3901 1301 3907; x_wconf 89' lang='grc'><strong><em>·</em></strong></span> 
     </span>
     <span class='ocr_line' id='line_1_35' title="bbox 135 3980 1245 4073; baseline 0.006 -26"><span class='ocrx_word' id='word_1_249' title='bbox 135 3985 233 4049; x_wconf 87' lang='lat' dir='ltr'><strong>media</strong></span> <span class='ocrx_word' id='word_1_250' title='bbox 272 3994 304 4048; x_wconf 89' lang='lat' dir='ltr'><strong>et</strong></span> <span class='ocrx_word' id='word_1_251' title='bbox 334 3986 497 4050; x_wconf 89' lang='lat' dir='ltr'><strong>obstacula</strong></span> <span class='ocrx_word' id='word_1_252' title='bbox 526 3980 694 4072; x_wconf 81' lang='lat' dir='ltr'><strong>ponantur.</strong></span> <span class='ocrx_word' id='word_1_253' title='bbox 743 3991 794 4053; x_wconf 82' lang='lat' dir='ltr'><strong>Ad</strong></span> <span class='ocrx_word' id='word_1_254' title='bbox 831 3993 1117 4073; x_wconf 76' lang='lat' dir='ltr'><strong>Congregationem</strong></span> <span class='ocrx_word' id='word_1_255' title='bbox 1149 3993 1245 4054; x_wconf 90' lang='lat' dir='ltr'><strong>istam</strong></span> 
     </span>
     <span class='ocr_line' id='line_1_36' title="bbox 135 4089 1245 4177; baseline 0.005 -25"><span class='ocrx_word' id='word_1_256' title='bbox 135 4089 252 4168; x_wconf 85' lang='lat' dir='ltr'><strong>pluries</strong></span> <span class='ocrx_word' id='word_1_257' title='bbox 280 4094 551 4155; x_wconf 84' lang='lat' dir='ltr'><strong>matrimoniorum</strong></span> <span class='ocrx_word' id='word_1_258' title='bbox 582 4098 752 4158; x_wconf 79' lang='lat' dir='ltr'><strong>mixtorum</strong></span> <span class='ocrx_word' id='word_1_259' title='bbox 783 4117 876 4159; x_wconf 87' lang='lat' dir='ltr'><strong>casus</strong></span> <span class='ocrx_word' id='word_1_260' title='bbox 904 4117 963 4177; x_wconf 89' lang='lat' dir='ltr'><strong>pre</strong></span> <span class='ocrx_word' id='word_1_261' title='bbox 994 4096 1157 4158; x_wconf 85' lang='lat' dir='ltr'><strong>decisione</strong></span> <span class='ocrx_word' id='word_1_262' title='bbox 1189 4095 1245 4158; x_wconf 90' lang='lat' dir='ltr'><strong>de·</strong></span> 
     </span>
     <span class='ocr_line' id='line_1_37' title="bbox 131 4194 1245 4282; baseline 0.003 -25"><span class='ocrx_word' id='word_1_263' title='bbox 131 4194 332 4275; x_wconf 75' lang='lat' dir='ltr'><strong>serebantur,</strong></span> <span class='ocrx_word' id='word_1_264' title='bbox 363 4218 443 4279; x_wconf 87' lang='lat' dir='ltr'><strong>quae</strong></span> <span class='ocrx_word' id='word_1_265' title='bbox 473 4204 655 4262; x_wconf 87' lang='lat' dir='ltr'><strong>constanter</strong></span> <span class='ocrx_word' id='word_1_266' title='bbox 682 4202 717 4262; x_wconf 86' lang='lat' dir='ltr'><strong>in</strong></span> <span class='ocrx_word' id='word_1_267' title='bbox 747 4221 818 4263; x_wconf 92' lang='lat' dir='ltr'><strong>enm</strong></span> <span class='ocrx_word' id='word_1_268' title='bbox 848 4221 976 4264; x_wconf 87' lang='lat' dir='ltr'><strong>sensum</strong></span> <span class='ocrx_word' id='word_1_269' title='bbox 997 4202 1149 4282; x_wconf 85' lang='lat' dir='ltr'><strong>praestita</strong></span> <span class='ocrx_word' id='word_1_270' title='bbox 1170 4199 1245 4275; x_wconf 77' lang='lat' dir='ltr'><strong>init,</strong></span> 
     </span>
     <span class='ocr_line' id='line_1_38' title="bbox 131 4286 1244 4381; baseline 0.004 -19"><span class='ocrx_word' id='word_1_271' title='bbox 131 4301 218 4381; x_wconf 78' lang='lat' dir='ltr'><strong>quod</strong></span> <span class='ocrx_word' id='word_1_272' title='bbox 246 4302 479 4367; x_wconf 87' lang='lat' dir='ltr'><strong>matrimonium</strong></span> <span class='ocrx_word' id='word_1_273' title='bbox 510 4303 669 4368; x_wconf 76' lang='lat' dir='ltr'><strong>Catholici</strong></span> <span class='ocrx_word' id='word_1_274' title='bbox 699 4325 768 4369; x_wconf 91' lang='lat' dir='ltr'><strong>cum</strong></span> <span class='ocrx_word' id='word_1_275' title='bbox 790 4307 994 4369; x_wconf 87' lang='lat' dir='ltr'><strong>Protestante</strong></span> <span class='ocrx_word' id='word_1_276' title='bbox 1013 4325 1076 4368; x_wconf 93' lang='lat' dir='ltr'><strong>non</strong></span> <span class='ocrx_word' id='word_1_277' title='bbox 1099 4286 1244 4368; x_wconf 80' lang='lat' dir='ltr'><strong>obstante</strong></span> 
     </span>
    </p>
   </div>
   <div class='ocr_carea' id='block_1_6' title="bbox 0 0 1404 4838">
    <p class='ocr_par' dir='ltr' id='par_1_6' title="bbox 0 0 1404 4838">
     <span class='ocr_line' id='line_1_39' title="bbox 0 0 1404 4838; baseline 0 4"><span class='ocrx_word' id='word_1_278' title='bbox 0 0 1404 4838; x_wconf 95' lang='lat' dir='ltr'><strong> </strong></span> 
     </span>
    </p>
   </div>
  </div>
 </body>
</html>
