2798 4838
660 288 711 304 ....
736 247 813 321 568
838 284 889 298 .-

211 398 362 463 scientiae
394 402 558 478 repugnet.
589 341 628 457 ld
650 401 771 457 tantum
794 394 862 455 iure
886 392 1071 456 desiderare
1103 412 1202 475 posse
1240 401 1339 456 censet

211 507 450 586 Protestantes,
472 511 507 564 ut
528 521 586 583 per
607 499 711 582 legem
735 501 940 571 enuncietura
962 520 1102 580 sponsos
1128 499 1273 580 disparis
1295 520 1336 561 re·

210 608 342 692 ligionis
366 611 463 672 etiam
483 629 502 670 a
525 608 676 670 Ministro
698 603 891 686 Euangeliou
913 604 1060 686 copulari
1087 625 1200 686 posse.
1216 639 1260 683 ,-
1282 607 1337 668 Διι-

168 802 169 806 Ὶ
214 723 336 778 ctorem
357 715 442 776 hrruc
466 716 507 775 ob
529 719 678 776 testatam
702 709 975 793 impartlalltatem
1004 713 1039 772 in
1059 711 1183 774 iudicio
1207 711 1249 773 de
1274 730 1337 773 coa·

215 823 322 884 ctione
348 818 437 882 Cleri
459 818 620 882 Catholici
650 816 691 879 ad
719 815 971 893 benedicendum
1002 815 1223 898 depromendo
1253 819 1337 878 meri·

122 944 125 951 ·
214 930 258 990 tis
282 924 409 991 extollit
430 924 578 988 laudibus
607 923 994 1005 doctiss.„(ieorgius
1019 925 1168 1006 Fater,
1201 928 1339 986 odronto

216 1041 246 1096 o’
273 1027 413 1095 Bc'teoozo'
440 1041 623 1110 protestans
652 1026 807 1107 trojanos.
842 1035 976 1093 lltrnols.
992 1035 1095 1093 1841.
1127 1036 1210 1092 Nro.
1228 1035 1287 1091 42.
1309 1024 1355 1090 et*

219 1139 350 1200 uberius
374 1135 536 1199 ostendit:
566 1142 762 1218 quantopere
795 1137 996 1214 Comitatus,
1020 1133 1151 1198 Clarum
1178 1135 1226 1198 ad
1255 1137 1337 1197 bene·

185 1226 391 1309 ‘dicendum
422 1243 569 1324 conjugia
597 1243 696 1313 mixta
728 1261 842 1324 cogere
879 1240 1023 1304 volentes
1053 1240 1244 1304 libertatem
1275 1261 1352 1302 con-⁴

96 1431 100 1444 Ι
219 1350 426 1411 scientiarum
447 1347 587 1412 laedant.
608 1379 646 1392 -
670 1348 789 1410 Contra
812 1340 1153 1429 argumenta'Georgii
1169 1349 1271 1430 Fejer
1287 1347 1339 1408 oo-

218 1455 385 1519 mltatuum
415 1452 530 1535 agendi
559 1454 716 1517 rationem
749 1453 921 1516 defendere
952 1455 1119 1532 satagebat
1154 1453 1176 1514 J
1189 1471 1340 1515 oannes

21 1643 30 1662 Ι
118 1551 134 1560 ”
219 1559 406 1641 Eulogii,
438 1558 580 1622 famosus
603 1561 717 1621 Cottas
740 1560 921 1623 Barsieusis
952 1559 993 1621 ad
1017 1560 1158 1621 Comitia
1182 1579 1214 1622 a.
1237 1552 1339 1632 183²!e.

96 1683 98 1687 ’
220 1664 414 1747 Ablcgatusa
441 1663 676 1728 Visatosotortde
699 1670 734 1728 lo,
754 1669 813 1746 Gy.
834 1662 969 1728 trctciru.
995 1669 1081 1728 Posti
1095 1668 1230 1745 Hirlup.
1255 1667 1343 1727 1841.

221 1781 298 1835 Neo.
320 1778 369 1834 61.
392 1793 424 1850 p.
435 1776 520 1834 Ι614.

326 1880 507 1940 tte-445.
539 1880 721 1958 Anonymus
752 1874 865 1960 auctor
895 1875 1053 1940 A'rticnli:
1086 1879 1212 1956 Vopycs
1235 1873 1344 1938 ouan-

221 1981 287 2061 oc'p.
321 1987 380 2045 Kta
406 1989 588 2064 ,onenpctpd
618 1990 702 2046 Pasti
737 1986 860 2063 Hirlcp.
890 1987 991 2046 1841.
1022 1989 1100 2048 Nro.
1137 1989 1203 2045 24.
1234 2004 1267 2061 p.
1280 1986 1347 2043 1⁹7.

224 2091 377 2159 maiorem
405 2089 440 2150 in
469 2087 597 2152 modum
630 2089 761 2152 detonat
793 2090 946 2152 adversus
970 2089 1141 2152 Praesules
1159 2089 1348 2169 'Hungariae

224 2203 291 2257 tum
320 2196 364 2283 ob!
382 2194 571 2277 Eucyclioas
603 2195 708 2277 quoad
730 2203 822 2260 matr.
843 2197 940 2258 mixta
971 2197 1012 2259 ad
1034 2195 1170 2258 Clarum
1194 2195 1348 2270 dimissas,

227 2302 349 2380 irasque
380 2321 471 2363 veras
503 2300 587 2382 legis
615 2307 739 2389 patriae
768 2304 1038 2385 transgressiones
1068 2303 1264 2378 canonisat3
1293 2306 1349 2361 tum

95 2460 99 2467 ,
226 2408 266 2467 ob
289 2409 394 2468 nisum
417 2403 600 2470 eorumdem
623 2429 658 2470 se
679 2407 897 2471 Ecclesiamve
912 2410 1127 2490 Hungaricam
1149 2410 1233 2490 iugo
1253 2408 1350 2469 Serri·

226 2512 314 2574 lismi
344 2513 556 2592 subiiciendi,
586 2534 655 2575 cum
689 2515 797 2596 potius
829 2512 972 2596 exemplo
1002 2534 1195 2595 magnorum
1227 2514 1348 2576 Germa·

226 2623 299 2681 niae
321 2621 510 2681 Antistitum
535 2618 719 2699 Dallbergi‚
743 2621 987 2703 Wesrcnbergi‚
1010 2627 1069 2682 etc.
1094 2621 1272 2702 compedes
1293 2621 1348 2680 Ro·

227 2745 338 2787 manos
361 2727 500 2787 abiicere
524 2712 696 2804 deberent,
720 2746 757 2786 eo
788 2727 908 2807 magis,
940 2726 1025 2807 quod
1053 2724 1208 2789 Ecclesia
1230 2728 1348 2806 Hungu-

227 2832 295 2893 rica
318 2851 336 2892 a
360 2832 457 2893 Curia
480 2833 622 2892 Romana
655 2832 698 2892 sit
719 2838 852 2911 prors'ns
886 2832 1115 2911 independens.
1144 2833 1288 2896 Adserta
1308 2849 1350 2891 ex·

230 2934 427 3017 travagautia
450 2940 607 3018 Anonymi
639 2939 733 3000 huius
765 2939 916 3000 refutavit
947 2937 1129 3000 Carolus
1153 2937 1351 3016 maulay,

230 3043 262 3104 in
295 3042 454 3124 pagellisa
487 3040 688 3105 l'drsotlrodo'.
714 3049 816 3106 1841.
851 3050 925 3106 Nro.
944 3051 998 3105 37.
1019 3065 1050 3122 p.
1066 3048 1147 3106 146.
1185 3045 1244 3106 sed
1274 3044 1352 3124 prior

112 3168 114 3171 ·
229 3168 405 3229 anonymus
438 3150 470 3209 iu
504 3148 722 3210 defensionem
753 3153 803 3210 sui
826 3164 936 3211 rursus
968 3149 1122 3212 calamum
1148 3151 1282 3212 strinxit
1308 3150 1352 3209 in:

229 3258 316 3314 Pasti
338 3259 463 3331 Hirtcp.
489 3259 591 3316 1841.
615 3259 688 3315 Nro.
700 3260 754 3315 41.
774 3261 833 3316 43.
856 3277 886 3334 p.
898 3261 980 3317 343.
996 3262 1072 3316 363.
1100 3254 1312 3318 affirmando:
1339 3273 1352 3312 a

230 3379 265 3420 se
295 3378 358 3420 uon
382 3360 555 3420 Primatum
579 3361 742 3421 llomanae
765 3361 877 3444 Sedis,
908 3361 966 3423 sed
998 3361 1153 3422 duntaxat
1178 3361 1352 3424 Ultramou·

184 3499 189 3508 ·
229 3467 400 3527 tanismum
427 3469 630 3544 perstrictum
661 3444 777 3527 fuisse.¹
807 3466 919 3546 Quoad
942 3469 1095 3530 connubia
1119 3469 1224 3530 mixta
1252 3471 1285 3529 in
1304 3485 1351 3548 po·

233 3575 369 3634 steriure
392 3573 491 3633 hocce
515 3571 651 3634 articulo
685 3575 818 3634 asserit:
850 3574 1043 3634 Potestateru
1073 3571 1213 3635 Civilem
1243 3574 1350 3654 optimo

226 3681 299 3758 jurc
322 3702 381 3758 pro
405 3698 440 3740 se
462 3677 679 3759 legislationis
701 3679 733 3738 in
758 3679 973 3740 matrimoniis
996 3681 1105 3740 mixtis
1135 3683 1349 3743 auctoritatem

229 3785 410 3862 vindicare,
442 3804 500 3846 nec
529 3803 599 3857 esse
625 3783 664 3845 de
689 3784 739 3845 hir
772 3804 808 3844 ex
838 3785 904 3846 aevi
936 3786 1125 3865 posterioris
1159 3787 1299 3849 historia
1324 3789 1348 3843 et

229 3890 305 3949 lure
334 3891 494 3952 canonico
518 3888 568 3952 vel
590 3890 749 3971 Paparum
771 3890 929 3973 decretis,
952 3874 1010 3953 sed
1034 3911 1071 3952 ex
1099 3893 1231 3954 iuterna
1256 3889 1351 3955 matri-

136 4043 141 4051 ,
228 3996 327 4055 monii
348 3991 458 4056 indole
489 4004 521 4058 et
551 3998 725 4078 primorum
755 4004 933 4075 temporum
961 3997 1099 4060 historia
1128 3997 1352 4069 iudicandum

228 4114 502 4180 numquam'vero
533 4103 566 4163 iu
589 4104 754 4183 Huugaria
787 4105 909 4184 sperari
940 4123 1057 4184 posse,
1080 4110 1116 4165 ut
1138 4112 1272 4168 cessent
1300 4106 1352 4164 flu·

229 4212 318 4284 ctus,
342 4207 405 4267 nisi
426 4207 479 4285 id,
506 4208 591 4288 quod
622 4211 654 4270 in
677 4211 812 4272 Bavaria
835 4209 1034 4271 enunciatum
1064 4217 1133 4288 est,
1169 4211 1260 4275 domi
1281 4228 1353 4293 quo·

228 4320 437 4392 que=uostrae
467 4335 525 4394 per
553 4314 658 4395 legem
692 4313 878 4377 decidatur:
909 4316 1058 4378 nimirum
1090 4317 1131 4380 ad
1165 4339 1278 4383 casum
1299 4334 1354 4378 nou
