2798 4838
518 277 748 350 ...405-

65 423 176 490 mixtis
207 429 326 505 ponant
361 421 606 504 impedimenta,
638 433 669 483 et
698 421 867 502 nequidem
906 425 946 485 ab
978 422 1045 487 illis
1081 424 1194 488 fideles

65 550 144 592 suos
168 527 333 592 dehortari
353 537 564 611 praesumant.
591 525 660 602 ⁷⁸⁷5
859 539 864 546 ’

170 638 244 697 264.
267 641 328 697 Dio
350 639 469 697 Kirclte
490 641 534 696 ian
560 639 732 697 deutschen
766 637 991 696 Senotecuunc.
1015 641 1193 715 Natmtery.

63 742 254 820 issatis,
277 740 419 822 quaeda
442 748 554 802 eventu
579 739 770 803 Coloniensi
791 760 905 821 magno
928 726 1058 804 numero
1081 742 1113 803 ln
1145 739 1194 803 lu·
1272 756 1280 771 ·

23 852 25 857 '
58 866 134 927 ,cem
158 845 244 908 edita
266 853 358 931 suut,
380 849 510 928 scriptis
533 867 567 909 so
591 848 792 928 septuaginta
825 854 857 908 et
885 866 980 909 untrm
1015 864 1115 909 annos
1137 846 1195 910 ua·

62 959 132 1014 tum
154 951 295 1014 nondum
318 958 501 1015 contentum
525 972 595 1015 esse
618 954 774 1033 profitens
797 972 972 1034 anonymus
988 934 1192 1031 Auctorssoff

61 1059 146 1129 riam
168 1076 276 1118 vocem
300 1077 390 1119 suam
412 1057 562 1120 attollere
585 1079 620 1120 se
643 1056 724 1120 velle
746 1059 935 1120 annunciat:
959 1065 991 1120 et
1021 1060 1054 1121 in
1089 1056 1191 1120 forma

63 1160 274 1241 epistolarum
297 1162 339 1224 ad
361 1164 495 1225 amicum
519 1182 610 1226 suam
633 1165 809 1226 conscribit
830 1161 977 1245 opellam.
1000 1166 1035 1227 ln
1058 1182 1094 1226 ea
1116 1182 1191 1226 vero
1286 1246 1292 1253 .

62 1288 129 1330 uon
162 1265 251 1329 aliud
273 1274 436 1348 praestat,
468 1289 561 1349 quiam
593 1270 679 1349 quod
711 1268 844 1332 allorum
875 1289 951 1334 suae
967 1270 1194 1333 ‘confessionis

62 1375 229 1436 hominum
251 1392 339 1435 more
362 1379 469 1436 contra
496 1376 625 1437 coriam
644 1377 817 1438 Romanam
835 1375 983 1455 detonet,
1006 1377 1193 1438 Concorde-

63 1487 94 1542 ta
117 1479 325 1558 dissuadeat,
346 1480 535 1562 Principum
557 1482 627 1543 iura
643 1478 799 1560 extollat,
821 1483 861 1543 ab
893 1481 997 1560 iisque
1025 1483 1192 1544 ministros
1287 1503 1292 1511 ·

61 1583 233 1666 religionis
264 1585 306 1647 ad
336 1585 579 1666 impertiendam
620 1586 875 1649 benedictionem
914 1585 1088 1665 nuptialem
1118 1587 1192 1669 cogi

61 1709 159 1772 posse
190 1689 355 1771 adstruat,
386 1691 511 1753 demum
544 1693 711 1755 vehemens
741 1699 849 1754 votum
879 1693 912 1754 iu
944 1712 982 1754 eo
1013 1698 1192 1776 proponat,

62 1803 100 1858 ut
119 1816 178 1878 per
201 1797 353 1877 Regimen
377 1798 584 1860 Borussieum
608 1817 704 1879 ocyus
737 1797 886 1879 Spnddus
915 1807 1126 1876 convocetur,
1157 1796 1191 1858 in

63 1901 163 1965 lracve
184 1921 284 1965 novus
307 1903 387 1965 ordo
412 1910 444 1966 et
466 1910 568 1965 canda
588 1925 647 1984 pro
669 1904 926 1967 Protestantibus
950 1902 1116 1965 condatur.
1127 1898 1189 1974 ⁷⁸⁹)

166 2013 238 2069 265.
262 2012 322 2069 Die
351 2012 530 2071 Attacotton
554 2016 610 2071 des
634 2015 763 2088 Popstes
786 2012 908 2087 erepet·
929 2012 1015 2071 XVI.
1040 2026 1112 2069 eom
1134 2012 1189 2069 10.

59 2120 135 2178 Deo.
162 2118 264 2176 1837.
293 2119 354 2176 Mit
381 2120 482 2176 eitam
516 2120 697 2192 Nachtrape
720 2120 799 2176 tiber
827 2118 955 2177 Girrea’
983 2115 1190 2177 Athanasius.

61 2222 246 2281 Hannoeer.
261 2224 362 2282 1838.
384 2222 586 2300 potissimum
609 2223 642 2282 in
665 2220 865 2282 discussione
881 2220 1099 2299 quaestionis:
1114 2239 1189 2279 uum

60 2331 155 2387 matr.
178 2325 275 2386 mixta
298 2325 339 2387 ad
363 2326 541 2388 doctrinam
571 2325 621 2388 sel
655 2325 857 2408 disciplinam
888 2325 1056 2406 spectent?
1083 2342 1190 2386 versa-

59 2436 123 2494 tur.
147 2430 206 2493 Ad'
220 2430 398 2494 doctrinam
423 2433 540 2495 referri
563 2454 599 2494 ea
622 2448 683 2494 non
714 2448 812 2512 posse
839 2429 915 2492 iude
944 2444 1098 2513 apparere
1122 2430 1190 2507 eit,

58 2536 147 2616 quod
185 2543 251 2598 tum
281 2556 340 2617 pro
368 2540 453 2600 omni
487 2555 562 2600 casu
590 2537 647 2599 illa
675 2536 874 2618 prohibenda
913 2534 1040 2615 iorent,
1069 2534 1103 2596 id
1134 2555 1189 2595 au-

56 2649 124 2704 tem
146 2640 269 2704 nullum
292 2642 411 2705 iecisse
433 2644 537 2705 adhuc
560 2646 773 2706 Romanorum
806 2643 1084 2716 Pontificom;eo
1116 2641 1188 2721 ipso

129 2873 198 2938 787)
218 2878 419 2927 liecensiouesa
439 2879 618 2926 Literuriaeiae
648 2876 768 2933 zettunp.
789 2875 889 2924 Berlin.
908 2869 997 2924 1839.
1016 2874 1067 2922 Νο.
1086 2869 1133 2921 14.
1153 2898 1188 2908 -

95 2962 294 3019 Geisdori
318 2973 454 3025 Revertor.
484 2971 559 3019 XXI.
582 2971 613 3016 B.
639 2982 663 3024 p.
682 2963 749 3017 121.
769 2992 804 3003 -
830 2961 1057 3015 iiheiuwald
1085 2947 1186 3019 senei·

93 3067 146 3110 tor.
166 3056 283 3111 XXVII.
305 3063 336 3110 Β.
356 3075 381 3117 p.
401 3056 466 3110 217.
486 3057 554 3110 233.
578 3087 613 3096 -
631 3059 792 3110 Richter
810 3059 934 3108 irrisistis
957 3056 1125 3106 aaaaccner
1141 3054 1187 3114 sitr
1215 3050 1222 3064 ‘

92 3154 220 3202 amasae
237 3148 523 3212 neeetsnannacaa'rc.
544 3150 631 3201 esea.
650 3165 675 3209 p.
694 3149 763 3201 aaa.
782 3175 816 3186 -
834 3151 1001 3200 sarracenae
1017 3150 1063 3208 rar
1076 3139 1186 3197 'essm-

93 3246 250 3303 eoaaseaeae
281 3224 509 3296 u'rcea.ser1ec
538 3242 625 3295 raas,
653 3246 692 3293 ιι.
720 3246 751 3293 n.
780 3246 828 3293 nu.
858 3239 1012 3292 ata-115.
1038 3266 1073 3279 -
1098 3228 1186 3290 ruent.
1232 3263 1235 3272 ·

93 3338 180 3403 Later.
210 3338 277 3386 biart
301 3351 349 3386 zor
367 3339 468 3396 alipene
498 3339 530 3387 li.
552 3341 583 3386 Z.
612 3333 700 3386 tato.
727 3338 778 3386 It'o.
798 3333 846 3385 89.
866 3350 890 3392 p.
920 3333 986 3385 718.
1005 3359 1041 3370 -
1068 3331 1193 3391 Plurima-

93 3411 185 3480 εἴητε
204 3429 230 3477 in
250 3442 331 3490 opere
359 3430 464 3478 Sachsii
492 3431 591 3478 detexit
617 3426 765 3489 Rintei,
798 3429 997 3487 i'ertieeidioamp
1023 3423 1186 3473 1111118ὸί-

93 3521 183 3577 actosa
201 3534 252 3569 noa
270 3524 363 3575 Peren.
396 3522 548 3579 Wtreourp.
577 3517 664 3569 1839.
693 3520 737 3578 qni
764 3519 865 3567 auctori
894 3510 986 3566 omnes
1015 3513 1185 3581 cognitiones
1226 3568 1230 3579 Ι

94 3612 223 3661 iuridieas
243 3619 270 3661 et
293 3613 436 3661 canonicas
459 3649 469 3672 ,
494 3615 527 3660 ad
547 3613 684 3661 serendum
704 3612 736 3668 de
755 3614 856 3659 eventu
884 3605 1040 3658 Coloniensi
1058 3589 1184 3653 iudicium

92 3702 286 3766 necessarias,
306 3706 404 3753 deesse
425 3703 550 3752 ostendit.

131 3791 200 3858 788)
229 3794 431 3845 Recensiouesa
465 3793 656 3845 Gersdori
685 3792 792 3848 desert.
818 3791 867 3840 loc.
892 3789 936 3839 cit.
965 3801 991 3846 p.
1013 3784 1096 3838 'ttae
1120 3787 1184 3849 „die

96 3889 184 3938 Soriit
202 3884 306 3937 enthilt
324 3887 385 3936 eine
395 3887 502 3935 Anzahl
520 3878 869 3950 uunusammenhingender
879 3881 959 3931 Sitne
973 3881 1038 3931 tiber
1050 3880 1185 3941 Jesuiten,

95 3978 165 4031 iliter
197 3979 366 4039 Febronius,
402 3977 468 4028 iiber
501 3979 548 4026 das
576 3974 913 4043 collegial-hierarchisohe
936 3974 989 4023 und
1016 3972 1186 4023 'l'errltoriai-

96 4070 223 4133 system,
242 4072 311 4123 iiber
330 4071 478 4138 gemisehte
506 4071 585 4120 Eheu
603 4095 639 4107 -
657 4084 687 4120 es
707 4054 829 4134 gelrrieht
848 4068 907 4116 dem
933 4065 1080 4116 Veriasser
1098 4079 1131 4112 an
1147 4065 1186 4112 al-

96 4164 141 4214 ier
159 4165 215 4213 und
229 4162 308 4224 jeder
335 4156 486 4214 liinsieht.''
504 4188 539 4200 -
557 4158 786 4212 iiheiuwald
811 4158 1003 4216 timuerim.
1031 4159 1079 4206 loc.
1099 4157 1142 4205 eit.
1160 4169 1185 4211 p.
1289 4196 1292 4201 .

95 4251 163 4306 m.
183 4251 248 4305 227.
271 4283 304 4294 ·-
339 4257 461 4317 wiceton.
489 4255 573 4306 Le'ter.
598 4256 663 4308 tictt
680 4268 727 4306 aar
751 4255 811 4315 olle.
839 4252 874 4305 Ii.
895 4253 927 4301 Z.
952 4246 1041 4302 1840.
1069 4250 1118 4298 No.
1139 4242 1188 4292 35.

97 4361 125 4406 p,
146 4343 216 4398 ast.
