2798 4838
581 254 812 331 -187-

561 444 566 458 ι
617 421 655 516 g.
682 424 769 495 loo.

144 514 351 602 secunus
384 538 692 613 repr-soporum
722 540 777 597 ιιι1
801 539 948 599 sedern
974 541 1260 622 Apo-tollensis

141 634 352 695 ιιιιιιιΙΙιιιι
364 632 539 705 nomo,
552 632 710 706 Aprili,
735 637 779 691 ct
795 633 911 707 alno
933 646 973 693 ιι.
998 638 1122 696 1888.
1136 639 1261 697 odor·

644 725 747 784 noti.

230 835 402 908 Facultata
432 841 619 907 recurrendi
650 843 692 905 ad
714 841 831 907 Selom
853 843 1075 925 Apostolicam
1107 847 1260 924 obtento,

136 949 289 1033 Episcopi
308 950 456 1013 Monuni
477 950 586 1032 reipsa
609 951 771 1012 mensibus
793 950 933 1031 Martio,
962 950 1086 1033 Aprili,
1118 958 1151 1014 et
1172 950 1262 1013 Maio

134 1059 202 1120 anni
238 1061 334 1119 1828.
364 1053 475 1119 literas
505 1075 580 1118 suas
611 1053 778 1139 supplices
808 1055 850 1118 ad
879 1056 1042 1119 Summum
1072 1058 1262 1120 Pontificem

133 1164 315 1227 Leonem
336 1161 427 1226 ΧΗ.
449 1160 660 1241 dimiserunt,
682 1161 716 1223 in
737 1162 843 1241 iisque
867 1160 1021 1243 arduum,
1047 1163 1081 1224 in
1104 1182 1167 1245 qrro
1191 1181 1263 1224 ver·

132 1275 260 1348 santur,
295 1267 467 1331 discrimen
490 1267 701 1349 exponendo,
731 1268 937 1331 laniationem
968 1267 1093 1332 aseae
1122 1268 1263 1348 Aposto-
1311 1259 1315 1268 ’

83 1433 91 1449 ,
130 1373 189 1438 lica
214 1374 415 1456 flagitarunt.
444 1374 584 1454 Dignum
614 1379 664 1435 est
692 1372 887 1438 admodum
917 1372 1010 1438 illum
1038 1369 1184 1436 nonnihil
1211 1393 1263 1436 re·
1302 1361 1304 1372 '

130 1484 285 1560 flectcre,
309 1499 403 1561 qrrcrn
425 1479 623 1541 Gubernium
645 1479 924 1562 Ministeriumque
941 1480 1147 1543 Borusslcum
1170 1477 1263 1542 adhi-

129 1589 216 1668 suit,
242 1592 279 1648 ut
301 1586 481 1669 Episcopos
504 1586 677 1649 Rhenanos
700 1586 742 1649 ad
763 1607 928 1649 recursum
951 1585 1184 1649 intentionibus·
1198 1585 1264 1647 Re-

134 1695 191 1776 giis
215 1691 433 1769 conformiter
460 1691 680 1755 adornandum
710 1697 906 1775 permoveat.
939 1693 988 1755 Ex
1020 1694 1062 1755 iis
1093 1691 1264 1769 nimirum,

86 1812 88 1817 '
137 1819 210 1881 quse
233 1799 301 1861 hoc
323 1799 356 1860 in
378 1803 497 1882 puncto
519 1795 586 1860 luci
614 1797 763 1881 publicae
793 1799 965 1862 commissa
994 1797 1174 1874 habentur,
1204 1803 1272 1857 no·'

134 1906 244 1986 iisqne
266 1905 476 1968 innotuerunt
498 1901 587 1985 ³⁵⁸),
611 1912 763 1987 apparete
791 1905 969 1986 Regiminis
992 1901 1222 1967 consiliarium
1244 1921 1264 1966 a

132 2010 444 2094 schelling,
475 2011 571 2092 Regii
593 2011 770 2074 Ministcrii
792 2011 1058 2074 instructionibus
1080 2009 1263 2091 provisum,
1394 2031 1398 2039 ·

133 2115 311 2202 quemlibet
341 2136 379 2179 ex
399 2117 576 2199 Episcopis
598 2117 763 2181 Rhenanis
794 2119 991 2196 accessisse,
1024 2122 1057 2178 et
1084 2117 1264 2196 projectum

129 2213 340 2289 =adornandae
361 2221 404 2287 ad
422 2221 537 2286 Senem
554 2222 774 2306 Apostolicam
796 2222 1103 2305 repraesentationis
1119 2218 1265 2284 Borolinl

135 2335 359 2415 praeparatum
381 2350 453 2392 oum
483 2329 526 2391 iis
555 2329 859 2410 communicavisso,
889 2335 925 2391 ut
953 2330 1041 2392 iuxta
1069 2325 1154 2389 illud
1187 2344 1264 2388 suos

139 2436 330 2501 adornarent
338 2442 544 2515 recursus,et
554 2454 622 2498 earn
634 2433 842 2516 singulariter
857 2432 1047 2497 extollerent
1056 2435 1264 2497 circumstan-

83 2516 90 2546 ⁹
140 2545 224 2630 iam,
240 2541 560 2623 quotlinl’rovinoiis
571 2543 675 2623 Regni
685 2539 1021 2604 Orientalibusmt'tr'or
1031 2541 1138 2622 praxis
1148 2536 1265 2618 vigeat,
1343 2620 1346 2625 1

83 2652 86 2659 ’
142 2647 375 2730 talemqueRex
389 2647 611 2730 inprovincias
629 2668 755 2729 quoque
766 2645 991 2728 Occidentaltes
1011 2645 1122 2708 induci
1137 2643 1264 2722 cupiat;

143 2741 318 2837 lipiscopos
340 2754 461 2835 Regiae
484 2752 640 2815 voluntati
663 2755 877 2832 obseqnntnn,
908 2752 968 2814 hac
989 2751 1093 2811 forma
1114 2767 1265 2811 recursus

146 2859 531 2941 suorreapseadornasse,
550 2859 750 2938 Episcopum
760 2857 889 2936 quidem
899 2853 1266 2918 Monosterienemca-

146 2984 309 3048 sparum
331 2961 1265 3031 MaximilianumB.aDrostedie81.Mart.1828.
1380 3020 1389 3034 ,

148 3103 176 3116 -
206 3071 498 3153 Archiepiscopum
528 3068 754 3133 coloniensem
791 3066 1104 3131 Ferulnandum
1133 3067 1265 3146 Augu·

146 3183 247 3241 stum
278 3178 315 3240 G.
340 3197 359 3240 a
381 3175 558 3260 Spiegel
581 3175 635 3238 ud.
661 3183 711 3238 12.
734 3173 839 3256 April.
865 3174 1123 3256 —Episcopum
1151 3171 1265 3234 'l'revi-

145 3300 263 3347 tensam
284 3283 510 3366 Josepbum
540 3283 588 3344 ab
610 3283 804 3344 Hommcr
831 3281 891 3355 ⁴olel.
928 3277 1101 3362 inAprii
1126 3277 1266 3358 -Epi-

143 3407 272 3470 scopum
302 3387 429 3451 demum
450 3387 747 3452 Paderbornensem
774 3387 1046 3450 Fridericum
1077 3382 1266 3446 (ilemen-

83 3552 86 3575 ι
143 3499 218 3562 tem
239 3497 278 3559 Β.
302 3515 320 3557 a
342 3494 542 3557 Ledebur
574 3491 628 3556 dd.
657 3500 711 3558 27.
730 3494 812 3556 Maii
845 3497 936 3555 1828.
967 3522 1004 3536 -
1037 3488 1266 3570 Archiepisco-

138 3615 211 3680 pum
235 3599 482 3679 Coloniensem,
506 3600 561 3680 qui
583 3601 699 3661 ceteris
722 3600 877 3662 fusiorem
900 3595 1120 3673 concinnavit,
1149 3595 1182 3654 in
1205 3594 1267 3654 line

139 3723 287 3771 recursus
311 3707 390 3769 haec
422 3707 516 3768 rerba
539 3703 716 3767 adiecisse:
748 3706 940 3787 ‚,quaestio,
972 3703 1005 3764 in
1037 3719 1131 3783 quam
1153 3696 1269 3760 incidi·

134 3828 229 3894 mus,
263 3833 325 3875 una
347 3812 428 3874 mihi
449 3813 530 3874 haec
560 3832 631 3874 esse
662 3811 810 3892 videtur,
838 3818 947 3873 utrum
979 3827 1059 3889 quae
1086 3806 1120 3867 in
1152 3806 1269 3866 ceteris

134 3914 245 4002 Regni
266 3921 414 4002 partibus
437 3915 608 3981 catholicis
631 3923 686 3980 ant
707 3915 854 3999 neglecta
885 3922 941 3979 aut
971 3907 1119 3976 consulto
1149 3912 1270 3975 reiecta

100 4033 102 4039 '
133 4034 234 4106 sunt,
259 4045 319 4105 nos
342 4026 437 4088 unius
458 4026 641 4107 provinciae
672 4024 820 4108 episcopi
847 4040 937 4104 spem
965 4021 1140 4084 habeamus
1171 4018 1270 4082 susti·

135 4142 387 4173 ᾖ...
1259 4141 1262 4154 .

211 4236 281 4305 858)
308 4242 486 4292 Attemtstcie
512 4241 578 4291 iiber
604 4241 649 4294 dte
681 4233 857 4306 Beioodlccp'
883 4239 929 4290 der
955 4237 1114 4299 qemtsorteo
1140 4235 1217 4286 Eleo
1243 4231 1272 4281 in

179 4335 317 4387 Preuarcrt.
336 4335 490 4396 niteam.
510 4331 601 4386 isos.
642 4369 645 4374 ι
