2798 4838
301 883 390 980 ii).
441 886 522 959 Ιιι
574 883 1286 959 rraussiivnura.

684 1114 745 1224 g.
775 1101 862 1204 aso.

113 1342 117 1349 ⁸
222 1272 326 1329 Post
341 1269 605 1330 insectamini
615 1271 978 1329 Transsiivuniam
990 1271 1348 1342 Reiormstionem

221 1377 360 1434 pauca
384 1365 516 1421 mixta
549 1363 820 1420 matrimonio
849 1364 997 1420 stricte
1028 1364 1089 1422 sic
1117 1365 1251 1421 dieta.
1277 1365 1347 1421 Sub

222 1455 496 1526 Principibus
523 1455 778 1526 nutriaris,
804 1455 1058 1526 praeprimis
1085 1457 1232 1513 iliaris
1257 1460 1349 1513 ’Πιο-

221 1547 338 1624 resiu
351 1542 512 1606 ‘eudem
537 1548 712 1606 nonum
736 1549 815 1605 sub
844 1547 1085 1607 counitione
1112 1547 1350 1606 Reverenti-

222 1633 297 1697 'um
313 1639 417 1699 iniri
441 1641 640 1698 admissa.
666 1641 790 1697 zelus
817 1640 1144 1715 Episcoporum‚
1173 1639 1351 1711 cumpri-

455 1734 538 1789 mis
557 1732 744 1802 ,Josepni
769 1733 866 1789 Ant.
889 1734 937 1788 Β.
959 1733 1126 1802 Bascny.

327 1893 361 1954 ln
372 1892 640 1972 -Transsilvauia,
662 1894 717 1954 ubl
736 1894 784 1954 sic
801 1891 885 1955 dicta
904 1911 1065 1953 sacrorum
1083 1892 1288 1968 Reformatio
1304 1891 1352 1953 Se·

225 1995 289 2060 culi
312 1999 397 2061 XVI.
422 2021 494 2062 mou
516 1998 638 2061 aditum
660 2000 796 2076 invenit,
819 2000 916 2079 inque
937 1999 1041 2060 varias
1066 2006 1178 2060 sectas
1212 2007 1247 2060 et
1275 2019 1351 2060 erro·

224 2124 276 2165 rer
299 2106 343 2165 ita
373 2104 536 2184 desciuit,¹
552 2113 587 2167 ut
608 2088 662 2166 'vix
687 2102 810 2182 aliquot
825 2103 991 2166 Ecclesiae
1011 2103 1222 2179 Catholicae„
1238 2107 1271 2166 iu
1296 2110 1353 2165 tota

176 2202 185 2209 ”
225 2207 465 2273 Transsilvania
489 2212 718 2287 remanserint,
750 2209 789 2270 de
813 2211 928 2271 mixtae
951 2207 1118 2288 religionis
1143 2212 1353 2275 matrimoniis

136 2375 138 2378 .
227 2317 338 2376 stricte
367 2318 412 2394 ita
436 2318 533 2378 dictis
555 2338 613 2398 uec
648 2336 752 2378 sermo
784 2322 859 2376 tuuc
890 2335 960 2376 esse
997 2321 1135 2396 poterat.
1176 2317 1354 2378 Universin

227 2419 321 2482 etiam
344 2423 449 2500 ipsum
472 2421 653 2501 Religionis
672 2420 856 2482 Catholicae
880 2422 1063 2499 exercitium
1084 2419 1266 2483 admodum
1289 2442 1353 2482 con·

225 2527 371 2588 strictum
395 2527 474 2605 fuit,
498 2529 639 2608 satisque
672 2527 726 2588 diu
752 2527 949 2587 miserrimus
977 2527 1030 2587 hic
1060 2526 1278 2588 Orthodorae
1306 2528 1351 2588 Fi·

225 2630 278 2693 dei
309 2631 466 2694 cultorum
499 2640 601 2695 status
640 2633 785 2695 duravit:
818 2632 919 2693 donec
950 2631 1078 2692 tandem
1119 2635 1184 2693 sub
1218 2632 1350 2712 glorioso

222 2742 410 2816 Principum
450 2741 695 2801 Austriocoruut
741 2741 896 2818 regimine
946 2736 1134 2799 Catholicae
1182 2738 1350 2819 Religionis

223 2845 461 2924 professoribus
497 2843 616 2906 laetior
652 2846 771 2924 epocha
804 2844 984 2920 illuxisset,
1020 2849 1051 2904 et
1093 2843 1266 2922 signanter
1297 2845 1346 2904 suh

102 3030 104 3032 Ι
223 2949 448 3031 Leopoldo
478 2952 566 3030 Rege
599 2971 625 3012 a.
652 2956 742 3011 1699.
777 2969 852 3028 erga
884 2947 1076 3029 multiplicia
1107 2949 1347 3011 Catholicorum

223 3057 404 3135 gravamina
428 3077 465 3117 ac
487 3055 649 3137 postulata
677 3076 713 3116 ca
741 3056 950 3116 eruanavisset
977 3053 1148 3116 Resolutio
1177 3058 1299 3136 Regia:
1320 3051 1348 3114 ut

222 3162 441 3244 inposterum
469 3161 629 3224 Catholici
653 3182 723 3223 cum
748 3160 946 3223 Acatholicis
969 3162 1164 3239 praesertim
1187 3163 1348 3223 Reforma-

154 3292 158 3306 ·
222 3268 447 3327 tis-communi
467 3250 705 3346 privilegiorum
732 3287 791 3327 usu
818 3266 982 3343 fricantur,
1015 3275 1046 3327 et
1069 3286 1209 3346 prorsus
1237 3289 1295 3349 par
1319 3286 1348 3328 ac

222 3374 347 3454 integra
369 3375 412 3433 sit
435 3374 519 3434 iuter
539 3373 726 3452 Religiones
760 3372 1046 3434 inl'raussilvania
1077 3381 1231 3454 receptas
1260 3373 1346 3435 liher-

222 3485 271 3540 tas
288 3500 324 3540 ac
338 3478 525 3559 aequalitas.
538 3512 576 3521 —
596 3464 802 3540 Matlimonia
827 3480 943 3539 mixtae
969 3475 1165 3559 religionis,
1185 3488 1276 3560 parte
1294 3498 1344 3538 tina

223 3584 401 3662 catholica,
426 3587 580 3666 primum,
608 3585 720 3668 insciis
745 3586 949 3663 potissimum
979 3584 1164 3645 Ordinariis
1200 3596 1232 3647 et
1258 3588 1345 3647 Paro·

223 3691 290 3751 chis
318 3689 516 3766 Catholicis,
546 3690 631 3772 apud
665 3693 833 3752 Ministros
866 3690 966 3768 partis
998 3687 1204 3778 acatholicae
1234 3699 1344 3752 contra·

221 3786 395 3875 bebantur,
419 3795 566 3876 prolesve
592 3817 628 3856 ex
653 3798 700 3856 eis
724 3801 890 3874 susceptae
913 3796 946 3854 in
969 3795 1097 3855 haeresi
1130 3795 1344 3858 educabantur.

221 3900 281 3961 Ast
309 3899 489 3978 apostolico
516 3903 702 3964 Antistitum
732 3900 802 3963 zelo
833 3908 865 3961 et
887 3898 1053 3979 vigilantia
1090 3903 1189 3962 subin
1216 3904 1348 3964 effectum

224 4009 297 4080 est,
325 4012 359 4065 ut
382 4009 655 4080 matrimoniorum
686 4006 799 4067 talium
826 4005 1000 4066 celebratio
1028 4007 1214 4085 cognitioni
1250 4031 1286 4070 ac
1306 4007 1351 4067 de·

203 4112 336 4179 xcisioni
364 4110 552 4191 Episcopali
577 4120 737 4174 reservata
763 4088 880 4172 fuerit':
920 4110 972 4192 qui
999 4112 1130 4172 nonnisi
1161 4120 1238 4175 tunc
1262 4109 1352 4175 lacul-

222 4224 319 4280 tatem
347 4216 425 4278 talia
451 4202 605 4278 connubia
630 4218 761 4280 ineundi
790 4218 925 4294 dabant,
960 4216 1034 4277 dum
1055 4237 1115 4290 per
1140 4239 1280 4301 sponsos
1296 4216 1351 4279 sul·

202 4325 332 4388 ,ticieus
361 4324 401 4385 de
428 4321 583 4384 catholica
619 4323 759 4405 prolium
793 4322 980 4384 educatione
1018 4325 1128 4384 cautio
1166 4347 1226 4408 per
1250 4328 1354 4388 Rever-
