2798 4838
587 325 638 339 —
663 284 740 356 564
767 325 818 340 -

78 430 81 436 ’
145 431 195 494 nis
218 431 311 494 istius
334 429 374 492 de
396 431 534 495 matrim.
558 430 666 492 mixtis
687 430 721 491 in
744 425 1013 511 premerIdlbus
1036 421 1149 492 latinis
1172 431 1265 494 Pesti-

147 538 297 600 ensibus:
331 535 455 614 Sion,
484 531 606 616 vulgati
628 534 768 597 inerunt.
800 537 834 608 a)
861 538 1024 599 t'indiciee
1053 539 1264 600 Preetctoreo

147 647 280 706 ecclesi
293 632 482 720 Hesperiae
502 648 658 704 adsersus
678 645 912 702 recentissime
932 646 1168 704 accusationes.
1190 622 1264 704 Silio.

144 753 246 811 1841.
269 753 346 810 Nro.
357 752 407 810 11.
427 766 468 811 se.
492 746 681 829 praeprimis
704 745 857 808 adversus
888 746 1044 828 Repraes.
1069 748 1159 811 (lom.
1184 746 1263 811 Zala-

146 853 268 917 dieusis
290 851 444 933 dirigitur
464 853 518 914 bic
541 849 723 916 Articulus:
756 858 788 913 et
809 850 980 915 Praesules
1012 856 1051 915 ab
1076 854 1214 936 objectis
1239 856 1262 916 h

146 980 183 1024 ea
206 958 395 1022 violatarum
424 957 532 1038 legum
563 954 702 1019 civilium
724 959 981 1021 accusationibus
1012 967 1144 1022 strenue
1167 959 1262 1022 deien-

148 1065 196 1127 dit
204 1088 213 1141 ;
235 1066 268 1126 in
291 1063 415 1144 reliquo
440 1063 599 1126 affirmat:
621 1063 743 1144 praxim
766 1063 800 1125 in
817 1062 925 1125 Gallia
949 1070 981 1125 et
997 1063 1091 1127 ltalia
1115 1068 1260 1142 usitatam,

146 1176 238 1233 matr.
257 1171 354 1232 mixta
370 1169 539 1251 nequidem
557 1171 723 1250 praestitis
742 1170 942 1231 cautionibus
965 1188 1063 1251 super
1086 1171 1261 1233 educatione

146 1273 285 1363 prolium
308 1274 468 1339 catholica
489 1275 717 1354 benedicendi,
748 1274 848 1355 magis
878 1295 1053 1338 consonam
1084 1297 1160 1338 csse
1189 1279 1259 1358 psin-

145 1383 240 1461 cipiis
264 1379 456 1462 catholicis,
488 1401 581 1462 peram
609 1400 700 1461 cam,
731 1382 819 1443 iuxta
841 1400 934 1459 quam
965 1381 1156 1444 benedictio
1180 1402 1261 1465 penes

144 1480 334 1551 Reversales
356 1488 520 1549 tribuitur.
553 1489 590 1559 b)
610 1488 796 1549 Auctoritas
819 1491 952 1550 Concitii
974 1493 1169 1551 itidentisti.
1192 1496 1261 1551 Stoa.

144 1599 247 1656 1841.
270 1599 346 1655 Nro.
366 1600 420 1656 18.
452 1594 486 1655 ln
514 1588 744 1655 hoc'Articulo
776 1591 937 1655 incidente
969 1613 1006 1656 ex
1037 1613 1101 1676 eo,
1137 1594 1262 1675 quodie

145 1699 363 1761 controversia
385 1697 425 1760 de
448 1705 539 1761 matr.
557 1698 664 1761 mixtis
688 1700 878 1779 saepissime
906 1698 949 1760 ad
970 1700 1071 1762 Cone.
1090 1699 1263 1762 'l'rideutini

144 1803 307 1867 decretum
328 1811 535 1887 provocetur3
565 1804 727 1866 decretum
748 1804 855 1865 isthoc
887 1804 990 1885 quoad
1011 1806 1114 1867 ritum
1143 1806 1263 1868 admini-

143 1910 267 1975 strandi
289 1911 501 1994 matrimonii,
531 1916 563 1973 ct
584 1910 795 1991 praesentiam
817 1911 953 1989 parochi
985 1910 1167 1973 duorumve
1189 1912 1264 1973 testi-

142 2037 195 2078 um
217 2022 457 2105 propugnatur,
487 2017 526 2076 ab
550 2035 648 2096 eoque
670 2035 728 2075 nee
750 2017 782 2074 iu
806 2023 898 2078 matr.
913 2018 1029 2115 'mixtis
1061 2017 1265 2080 secedendum

143 2140 215 2184 esse
239 2121 409 2200 suadetur,
431 2127 519 2181 tanto
542 2140 560 2182 a
581 2120 733 2198 fortiori,
757 2120 840 2200 quod
865 2120 992 2183 decscta
1013 2122 1164 2185 concilii
1185 2125 1264 2186 istius

144 2229 239 2290 etiam
272 2224 377 2305 qssead
406 2223 608 2313 disciplinam
638 2226 671 2287 iu
699 2227 865 2306 ilungaria
892 2235 1031 2309 receptax
1053 2231 1135 2291 sint.
1176 2233 1208 2304 c)
1229 2236 1265 2290 ite

141 2336 353 2395 matrimoniis
374 2334 502 2411 meotis,
533 2343 564 2395 et
582 2335 719 2409 prolium
740 2337 934 2394 educatione.
966 2338 1054 2395 Sion.
1073 2339 1183 2397 1841.
1203 2342 1265 2398 Nro.

140 2442 194 2501 26.
227 2438 387 2521 principia
418 2437 576 2499 catholica
599 2439 786 2519 praesertim
817 2436 858 2498 de
879 2439 1074 2500 necessitate
1098 2439 1264 2522 stipulaudi

142 2549 214 2607 ante
245 2545 350 2606 omnia
383 2541 574 2606 catholicam
606 2544 744 2604 omnium
766 2542 904 2626 prolium
937 2544 1169 2608 educationem
1199 2550 1262 2608 bene

140 2650 301 2730 proponit.
611 2720 613 2722 v

244 2759 316 2817 426.
352 2755 512 2816 Matios
543 2755 668 2834 lmre,
700 2760 729 2816 α’
748 2758 986 2816 Cettetteismes
1020 2753 1214 2822 eteeeerae'se
1238 2761 1260 2816 a’

140 2881 254 2942 eeqyce
279 2857 479 2937 hizasse'poh
512 2864 611 2922 iterati.
641 2857 849 2922 Szdzademls.
876 2866 976 2925 1841.
1009 2867 1091 2924 Nro.
1110 2871 1173 2927 40.
1197 2860 1257 2934 ¹⁰'⁵)

138 2967 180 3030 ad
202 2969 406 3048 praecipuam
429 2967 644 3028 comitatuum
669 2968 897 3050 objectionem,
929 2965 1016 3047 quod
1040 2968 1161 3032 Clesus
1184 2972 1258 3031 Hun-

134 3075 248 3154 *gariae
270 3072 345 3134 iude
369 3075 408 3133 ab
432 3072 524 3133 annis
549 3078 598 3134 50.
626 3071 729 3151 legem
752 3071 988 3152 seligiouariam
1019 3073 1059 3134 de
1093 3075 1257 3157 praesentia

135 3178 270 3259 parochi
293 3174 445 3237 catholici
467 3178 500 3238 in
523 3177 631 3239 mixtis
655 3179 821 3239 connubiis
852 3198 911 3259 pro
934 3180 1167 3242 benedictione
1196 3199 1258 3241 casu

135 3283 170 3345 iu
193 3283 277 3342 omni
301 3279 480 3343 adhibenda
503 3283 588 3344 iacto
611 3285 921 3364 iuterpretatussit:
945 3286 1150 3365 respondet,
1172 3287 1204 3348 id
1223 3286 1258 3345 vl·

133 3389 214 3451 tium
236 3387 338 3449 fuisse
362 3396 455 3467 atque
478 3389 627 3466 abusum,
653 3397 684 3449 ct
708 3396 783 3470 post
804 3391 963 3450 internus
996 3388 1154 3455 solennes
1178 3393 1256 3472 Capi·

132 3495 175 3561 tis
198 3492 364 3557 Ecclesiae
395 3493 627 3555 declarationes
659 3495 727 3556 sinc
759 3493 832 3556 labe
859 3495 1102 3559 inobedientiae
1136 3497 1254 3560 nClero

132 3601 317 3680 Hungarico
342 3599 427 3660 ultro
453 3601 609 3661 committi
629 3599 812 3662 nullatenus
835 3602 1002 3682 petuisse;
1025 3622 1089 3682 ac,
1115 3603 1255 3685 siquidem

126 3705 221 3786 leges
244 3705 412 3768 Ecclesiae
435 3704 634 3786 dogmaticae
660 3713 691 3767 et
713 3704 906 3768 doctrinales
937 3707 1166 3773 immutabiles
1192 3711 1249 3784 sint,

129 3809 241 3873 civiles
263 3812 370 3893 potius
391 3809 480 3890 leges
503 3810 741 3874 Ecclesiasticis
764 3810 1040 3892 accomodandas,
1074 3835 1141 3878 non
1164 3825 1248 3879 auten

128 3913 259 3978 olerum
283 3935 319 3977 eo
341 3914 519 3996 cogendum
544 3936 635 3996 esse,
675 3923 710 3980 ut
743 3937 776 3980 se
799 3937 817 3980 a
843 3909 966 3999 Capitis
1006 3919 1181 3987 Ecclesiae
1207 3920 1250 3983 de·

13 4008 15 4011 ⁵
127 4017 358 4084 clarationibus
383 4028 521 4103 separet.
605 4018 608 4029 '

192 4247 274 4353 soii)
294 4293 327 4342 ct.
347 4290 425 4342 huius
445 4285 490 4354 §i
509 4291 600 4342 Erum.
620 4279 791 4344 eet-eoa(
833 4345 836 4350 ,
