2798 4838
584 284 634 297 -
661 247 814 319 4892-

102 428 105 434 ·
136 386 333 451 Acatholicis
356 391 435 451 bene
465 398 576 453 uotum
598 410 689 469 esse,
721 393 840 471 Regem
863 388 1085 472 Apostolicum
1113 391 1147 453 in
1167 389 1258 456 ilou-
1349 374 1352 379 ⁵

109 559 111 563 Α
134 495 225 574 garia
248 497 389 575 eripuis
411 498 525 577 patriis
547 497 831 558 constitutionibus
853 494 978 576 plenam
1000 498 1033 558 in
1055 497 1186 578 negotio
1207 516 1259 558 rc·

133 598 267 680 ligionis
290 599 482 682 disponendi
513 602 695 663 facultatem
718 602 857 681 habere,
886 601 943 664 sed
964 620 1066 683 neque
1098 599 1165 664 ulla
1185 598 1260 681 lege

134 706 253 766 mixtae
274 705 441 785 religionis
465 709 619 770 connubia
649 709 833 771 canonisata
861 714 917 769 aut
945 726 1003 789 per
1030 705 1274 770 Resolutioucr‘
1301 783 1305 792 Ι

134 812 256 890 Regias
278 814 459 892 promiscue
482 812 619 874 admissa
646 832 737 891 esse,
761 810 819 874 sed
841 810 944 874 solum
966 830 1004 874 ex
1025 811 1258 894 suppositione,

134 917 163 978 si
186 918 354 996 ineantur,
383 918 522 979 Parocbi
545 916 705 979 Catholici
728 916 949 980 adsistentium
971 918 1101 998 requiri.
1141 919 1172 977 4.
1194 916 1258 978 Po·
1344 983 1348 998 ι
1383 990 1388 1002 „

134 1028 283 1084 testatem
306 1023 439 1117 patriam
462 1024 495 1085 in
516 1029 632 1103 puncto
654 1022 821 1103 religionis
851 1028 883 1085 et
904 1021 1103 1085 educationis
1125 1019 1258 1101 religio·

133 1129 244 1190 uariae
265 1127 406 1207 prolium
429 1134 547 1190 tantam
569 1129 656 1190 haud
678 1148 767 1206 esse,
791 1136 826 1190 ut
847 1147 918 1190 cum
940 1126 1125 1191 exclusione
1146 1127 1257 1189 matris

135 1232 289 1311 duntaxat
303 1240 402 1323 pater
424 1235 475 1295 ius
498 1232 679 1316 educandae
701 1233 742 1295 ad
765 1233 930 1296 arbitrium
954 1231 1075 1295 sobolis
1099 1233 1161 1294 ribi
1189 1233 1258 1312 pri·
1336 1257 1341 1262 ·

133 1341 237 1400 native
258 1338 419 1401 vindicare
442 1346 557 1419 niteat,
580 1341 644 1401 imo
667 1341 774 1419 potius
796 1340 888 1400 matri
913 1346 945 1400 et
962 1337 1014 1399 ius
1037 1344 1068 1399 et
1085 1335 1258 1417 obligatio·

132 1464 205 1505 uem
230 1463 318 1522 esse,
347 1447 430 1524 patri
461 1445 716 1526 contradicendi,
750 1451 782 1506 et
802 1441 930 1525 publica
963 1461 1088 1523 quoque
1118 1445 1258 1506 auctori·

133 1533 199 1611 tate
222 1547 313 1610 illum
336 1552 477 1611 cotirceri
500 1551 651 1631 curandi,
674 1552 702 1612 oi
723 1549 830 1630 proles
853 1549 1043 1611 {umoribus
1065 1567 1102 1609 ac
1125 1546 1258 1628 religio·

132 1674 173 1716 ne
208 1673 303 1732 prave
331 1656 547 1718 instituantur.
585 1657 758 1717 Praeterea·
790 1657 824 1716 in
854 1652 1043 1738 Apostolico
1073 1640 1258 1732 Huugariac
1308 1696 1316 1710 .

133 1761 246 1840 liegno
270 1759 496 1838 obligationem
519 1760 671 1840 seponendi
692 1760 878 1840 religionem
896 1761 1090 1840 Regnoipsi
1110 1775 1258 1820 coaevam

133 1885 195 1926 non
221 1884 237 1926 e
259 1867 382 1944 privata
406 1885 505 1946 eaque
527 1867 696 1927 arbitraria
718 1873 878 1945 potestate
901 1866 1023 1946 patria,
1046 1864 1104 1927 sed
1126 1884 1142 1926 e
1164 1879 1258 1947 prae·

133 1976 229 2052 cepto
253 1971 352 2050 Regis
369 1969 550 2052 Apostolici
569 1974 603 2033 in
624 1971 695 2052 lege
714 1973 836 2033 Christi
857 1970 990 2033 fundato
1015 1968 1139 2033 desumi
1161 1959 1266 2050 opor-⁴

132 2082 213 2137 tere.
248 2081 275 2138 5.
299 2077 429 2139 Pactum
453 2076 491 2138 de
513 2073 658 2157 prolibus
680 2096 737 2158 pro
762 2076 946 2153 diversitate
969 2095 1064 2138 serras
1086 2075 1118 2137 in
1143 2094 1257 2156 paren-

133 2188 201 2243 tum
223 2180 380 2262 religione
410 2182 582 2245 educandis
611 2186 650 2246 ab
673 2185 845 2264 Episcopis
877 2189 945 2244 tuta
974 2183 1170 2244 couscientia
1200 2179 1257 2242 ad-

132 2287 264 2368 probari
285 2307 348 2349 nou
370 2308 484 2369 posse,
515 2294 546 2349 ct
568 2309 639 2351 esse
662 2296 771 2351 contra
799 2289 992 2370 principium
1014 2289 1106 2349 unius
1137 2284 1256 2349 salvili-

134 2412 190 2453 cac
230 2391 409 2472 Religionis
442 2393 637 2455 Catholicae.
658 2425 699 2437 -
731 2398 782 2457 Aa
802 2395 844 2470 b)
874 2393 986 2456 Proles
1017 2407 1150 2471 omues,¹
1177 2410 1257 2471 quac

134 2517 172 2560 ex
195 2500 361 2560 connubiis
384 2501 490 2561 mixtis
512 2500 665 2589 hactenus
695 2501 879 2580 progenitae
909 2504 1001 2577 sunt,
1033 2499 1066 2559 ln
1088 2495 1170 2560 Fide
1194 2498 1256 2560 Ca·

132 2602 257 2666 tholica
280 2604 409 2666 educari
438 2605 573 2667 debere:
612 2625 707 2685 quum
730 2617 761 2666 et
783 2606 936 2683 Princeps
959 2623 1095 2684 regnans
1117 2604 1199 2664 hauc
1222 2607 1258 2664 ut
1385 2683 1388 2690 A

133 2706 309 2770 salvificam
331 2709 460 2790 credat,
492 2718 619 2798 et'pars
648 2729 773 2790 quoque
805 2707 981 2771 acatholica
1011 2708 1098 2770 iuxta
1120 2707 1257 2770 conica·

132 2816 235 2876 sionis
258 2835 334 2876 suae
356 2805 475 2894 placita
497 2815 666 2893 admittat,
697 2817 728 2876 in
751 2813 897 2891 Ecclesia
921 2811 1089 2876 catholica
1119 2811 1257 2875 salutem

134 2921 275 2982 obtineri
298 2940 414 3000 posse,
449 2941 465 2981 e
488 2926 598 2983 contra
621 2941 695 3002 pars
719 2919 879 2983 catholica
900 2917 950 2980 vel
972 2919 1066 2979 unius
1097 2916 1201 2998 prolis
1223 2919 1257 2980 iu

131 3024 384 3090 Acatholicismo
409 3024 629 3089 educationem
660 3033 728 3088 tuta
757 3025 951 3088 conscientia
981 3025 1148 3087 admittere
1170 3022 1257 3087 haud
1312 3099 1313 3103 Ἰ

132 3134 265 3213 possuit.
286 3127 348 3205 ⁹⁴⁸)

236 3236 272 3309 d)
290 3235 531 3299 Resolutio
554 3237 593 3299 lt.
617 3237 679 3300 dd.
703 3242 762 3300 28.
784 3235 865 3299 Jul.
897 3240 1029 3300 1768.
1058 3236 1258 3318 Repraesen-

131 3342 307 3405 tationibus
326 3344 610 3422 llioecesanorum,
634 3350 666 3404 et
688 3345 891 3424 opinionibus
915 3340 1098 3404 eorumdem
1118 3342 1153 3403 iu
1172 3342 1258 3408 Gon·

92 3467 96 3476 ·
133 3446 209 3511 silio
233 3445 451 3510 cancellariae
474 3449 594 3528 Regiae
615 3449 647 3508 iu
670 3451 948 3528 pertractationem
970 3448 1102 3530 sumtis,
1130 3448 1258 3509 tametd
1303 3506 1306 3516 ,

131 3553 212 3616 haec
233 3551 276 3614 ad
299 3553 470 3632 exigendas
493 3574 511 3614 a
535 3554 662 3632 sponsis
685 3552 873 3615 Reversales
894 3550 984 3614 nullo
1007 3551 1103 3613 modo
1124 3550 1257 3613 accede-

129 3657 345 3721 revaluerit:
376 3660 421 3719 M.
441 3658 595 3720 'l'heresia
628 3658 712 3720 edita
736 3658 789 3720 dd.
818 3653 897 3732 ¹⁵s23.
918 3655 998 3718 Julii
1023 3662 1115 3719 1768.
1138 3652 1258 3719 celebri

129 3762 342 3827 Resoluiioue
376 3762 494 3826 diserte
533 3767 715 3846 praecepit:
759 3769 880 3825 minorue
909 3766 1071 3840 relipiooie
1100 3766 1258 3824 connubia

129 3875 168 3930 tn
186 3867 336 3967 sotorum
358 3874 447 3961 bauo
468 3875 560 3932 aliter
581 3876 775 3934 admittenda
796 3889 881 3950 esse,
914 3887 1009 3949 quom
1030 3871 1157 3948 sipara
1174 3889 1257 3963 'oco-
1370 3952 1372 3957 y

204 4057 271 4122 aaa)
289 4062 379 4111 uon.
398 4062 562 4115 aas-aaa.
582 4078 644 4130 pag.
664 4061 843 4114 crassam.
863 4054 900 4135 si.
920 4046 982 4114 aar.
1001 4077 1040 4115 ss.
1058 4043 1178 4128 511.s's.
1195 4054 1256 4112 ota.

169 4168 208 4202 ss.
227 4178 262 4190 -
277 4155 397 4216 Altppus
412 4155 561 4205 colocensis
579 4157 606 4205 in
625 4169 675 4205 sue
692 4140 949 4223 Repraesentationc
968 4155 995 4204 id
1018 4140 1129 4215 quoque*
1144 4154 1257 4219 insigui-

169 4253 211 4294 ter
230 4247 353 4296 deducit:
378 4248 420 4295 ius
448 4249 619 4314 dispensandi
637 4250 664 4297 in
693 4253 768 4298 matr.
795 4248 881 4296 mixtis
905 4234 1047 4312 ¹proprium
1066 4238 1128 4296 csse
1147 4245 1258 4295 Summo

170 4337 311 4400 Pontifici,
338 4345 365 4390 et
383 4341 491 4391 nonnisi
511 4342 543 4390 de
562 4340 621 4390 eius
640 4328 795 4391 induitn'eb
816 4338 965 4390 ordinariis
985 4338 1103 4390 exerccri
1121 4350 1212 4400 posse.
1321 4400 1325 4404 ,
