<?xml version="1.0" encoding="UTF-8"?>
<!DOCTYPE html PUBLIC "-//W3C//DTD XHTML 1.0 Transitional//EN"
    "http://www.w3.org/TR/xhtml1/DTD/xhtml1-transitional.dtd">
<html xmlns="http://www.w3.org/1999/xhtml" xml:lang="en" lang="en">
 <head>
  <title>
</title>
<meta http-equiv="Content-Type" content="text/html;charset=utf-8" />
  <meta name='ocr-system' content='tesseract 3.04.00' />
  <meta name='ocr-capabilities' content='ocr_page ocr_carea ocr_par ocr_line ocrx_word'/>
</head>
<body>
  <div class='ocr_page' id='page_1' title='image "./dematrimoniismi01roskgoog_0165.png"; bbox 0 0 2798 4838; ppageno 0'>
   <div class='ocr_carea' id='block_1_1' title="bbox 584 235 813 304">
    <p class='ocr_par' dir='ltr' id='par_1_1' title="bbox 584 235 813 304">
     <span class='ocr_line' id='line_1_1' title="bbox 584 235 813 304; baseline -0.009 1"><span class='ocrx_word' id='word_1_1' title='bbox 584 235 813 304; x_wconf 75' lang='lat' dir='ltr'><strong>-ltt-</strong></span> 
     </span>
    </p>
   </div>
   <div class='ocr_carea' id='block_1_2' title="bbox 69 349 1252 4157">
    <p class='ocr_par' dir='ltr' id='par_1_2' title="bbox 69 349 1252 4157">
     <span class='ocr_line' id='line_1_2' title="bbox 129 349 1239 462; baseline 0.002 -24"><span class='ocrx_word' id='word_1_2' title='bbox 129 399 199 440; x_wconf 88' lang='lat' dir='ltr'><strong>men</strong></span> <span class='ocrx_word' id='word_1_3' title='bbox 221 377 302 441; x_wconf 82' lang='lat' dir='ltr'><strong>none</strong></span> <span class='ocrx_word' id='word_1_4' title='bbox 324 379 460 458; x_wconf 86' lang='lat' dir='ltr'><strong>patriam</strong></span> <span class='ocrx_word' id='word_1_5' title='bbox 490 375 576 439; x_wconf 83' lang='lat' dir='ltr'><strong>haud</strong></span> <span class='ocrx_word' id='word_1_6' title='bbox 600 397 671 438; x_wconf 87' lang='lat' dir='ltr'><strong>csse</strong></span> <span class='ocrx_word' id='word_1_7' title='bbox 692 375 904 455; x_wconf 88' lang='lat' dir='ltr'><strong>illimitatam‚</strong></span> <span class='ocrx_word' id='word_1_8' title='bbox 929 376 987 440; x_wconf 89' lang='lat' dir='ltr'><strong>sed</strong></span> <span class='ocrx_word' id='word_1_9' title='bbox 1009 396 1069 462; x_wconf 90' lang='lat' dir='ltr'><strong>per</strong></span> <span class='ocrx_word' id='word_1_10' title='bbox 1090 349 1181 460; x_wconf 78' lang='lat' dir='ltr'><strong>pacta</strong></span> <span class='ocrx_word' id='word_1_11' title='bbox 1195 376 1239 440; x_wconf 89' lang='lat' dir='ltr'><strong>dc·</strong></span> 
     </span>
     <span class='ocr_line' id='line_1_3' title="bbox 128 481 1237 566; baseline 0 -21"><span class='ocrx_word' id='word_1_12' title='bbox 128 482 378 564; x_wconf 58' lang='lat' dir='ltr'><strong>taliazrastringi</strong></span> <span class='ocrx_word' id='word_1_13' title='bbox 401 491 432 545; x_wconf 93' lang='lat' dir='ltr'><strong>et</strong></span> <span class='ocrx_word' id='word_1_14' title='bbox 455 485 502 545; x_wconf 88' lang='lat' dir='ltr'><strong>sic</strong></span> <span class='ocrx_word' id='word_1_15' title='bbox 524 481 729 545; x_wconf 87' lang='lat' dir='ltr'><strong>determinari</strong></span> <span class='ocrx_word' id='word_1_16' title='bbox 750 502 847 564; x_wconf 86' lang='lat' dir='ltr'><strong>posse</strong></span> <span class='ocrx_word' id='word_1_17' title='bbox 869 491 999 563; x_wconf 88' lang='lat' dir='ltr'><strong>censet,</strong></span> <span class='ocrx_word' id='word_1_18' title='bbox 1022 490 1059 547; x_wconf 91' lang='lat' dir='ltr'><strong>nt</strong></span> <span class='ocrx_word' id='word_1_19' title='bbox 1074 482 1186 566; x_wconf 86' lang='lat' dir='ltr'><strong>proles</strong></span> <span class='ocrx_word' id='word_1_20' title='bbox 1200 481 1237 545; x_wconf 81' lang='lat' dir='ltr'><strong>rel</strong></span> 
     </span>
     <span class='ocr_line' id='line_1_4' title="bbox 132 586 1240 672; baseline -0.001 -19"><span class='ocrx_word' id='word_1_21' title='bbox 132 606 241 653; x_wconf 84' lang='lat' dir='ltr'><strong>ornnes</strong></span> <span class='ocrx_word' id='word_1_22' title='bbox 258 589 297 650; x_wconf 74' lang='lat' dir='ltr'><strong>¹in</strong></span> <span class='ocrx_word' id='word_1_23' title='bbox 319 586 474 668; x_wconf 79' lang='lat' dir='ltr'><strong>religione</strong></span> <span class='ocrx_word' id='word_1_24' title='bbox 497 586 683 650; x_wconf 72' lang='lat' dir='ltr'><strong>alterutrius</strong></span> <span class='ocrx_word' id='word_1_25' title='bbox 714 597 895 668; x_wconf 89' lang='lat' dir='ltr'><strong>parentum,</strong></span> <span class='ocrx_word' id='word_1_26' title='bbox 918 589 968 651; x_wconf 90' lang='lat' dir='ltr'><strong>vel</strong></span> <span class='ocrx_word' id='word_1_27' title='bbox 999 609 1060 672; x_wconf 91' lang='lat' dir='ltr'><strong>pro</strong></span> <span class='ocrx_word' id='word_1_28' title='bbox 1093 588 1240 652; x_wconf 80' lang='lat' dir='ltr'><strong>diversita</strong></span> 
     </span>
     <span class='ocr_line' id='line_1_5' title="bbox 131 691 1240 776; baseline -0.002 -19"><span class='ocrx_word' id='word_1_29' title='bbox 131 702 164 775; x_wconf 83' lang='lat' dir='ltr'><strong>te</strong></span> <span class='ocrx_word' id='word_1_30' title='bbox 184 711 278 763; x_wconf 77' lang='lat' dir='ltr'><strong>sexus</strong></span> <span class='ocrx_word' id='word_1_31' title='bbox 300 691 363 755; x_wconf 89' lang='lat' dir='ltr'><strong>lilii</strong></span> <span class='ocrx_word' id='word_1_32' title='bbox 384 696 418 755; x_wconf 90' lang='lat' dir='ltr'><strong>in</strong></span> <span class='ocrx_word' id='word_1_33' title='bbox 440 694 562 776; x_wconf 81' lang='lat' dir='ltr'><strong>patris,</strong></span> <span class='ocrx_word' id='word_1_34' title='bbox 584 692 680 757; x_wconf 54' lang='lat' dir='ltr'><strong>filiae¹</strong></span> <span class='ocrx_word' id='word_1_35' title='bbox 704 697 736 755; x_wconf 91' lang='lat' dir='ltr'><strong>in</strong></span> <span class='ocrx_word' id='word_1_36' title='bbox 768 697 879 763; x_wconf 84' lang='lat' dir='ltr'><strong>matris</strong></span> <span class='ocrx_word' id='word_1_37' title='bbox 908 694 972 756; x_wconf 91' lang='lat' dir='ltr'><strong>iidc</strong></span> <span class='ocrx_word' id='word_1_38' title='bbox 1002 696 1188 758; x_wconf 79' lang='lat' dir='ltr'><strong>educentur.</strong></span> <span class='ocrx_word' id='word_1_39' title='bbox 1205 696 1240 756; x_wconf 85' lang='lat' dir='ltr'><strong>llr</strong></span> 
     </span>
     <span class='ocr_line' id='line_1_6' title="bbox 132 797 1241 880; baseline -0.003 -19"><span class='ocrx_word' id='word_1_40' title='bbox 132 799 343 879; x_wconf 62' lang='lat' dir='ltr'><strong>pactisecirca</strong></span> <span class='ocrx_word' id='word_1_41' title='bbox 366 797 586 865; x_wconf 80' lang='lat' dir='ltr'><strong>educationem</strong></span> <span class='ocrx_word' id='word_1_42' title='bbox 608 799 749 879; x_wconf 88' lang='lat' dir='ltr'><strong>prolium</strong></span> <span class='ocrx_word' id='word_1_43' title='bbox 771 799 956 879; x_wconf 80' lang='lat' dir='ltr'><strong>religiosam</strong></span> <span class='ocrx_word' id='word_1_44' title='bbox 977 819 1097 880; x_wconf 70' lang='lat' dir='ltr'><strong>agens,</strong></span> <span class='ocrx_word' id='word_1_45' title='bbox 1128 801 1241 863; x_wconf 80' lang='lat' dir='ltr'><strong>statuit:</strong></span> 
     </span>
     <span class='ocr_line' id='line_1_7' title="bbox 132 900 1243 985; baseline 0.001 -20"><span class='ocrx_word' id='word_1_46' title='bbox 132 911 265 985; x_wconf 65' lang='lat' dir='ltr'><strong>partium</strong></span> <span class='ocrx_word' id='word_1_47' title='bbox 280 922 349 965; x_wconf 83' lang='lat' dir='ltr'><strong>uon</strong></span> <span class='ocrx_word' id='word_1_48' title='bbox 364 900 457 969; x_wconf 85' lang='lat' dir='ltr'><strong>aliud</strong></span> <span class='ocrx_word' id='word_1_49' title='bbox 476 903 601 967; x_wconf 88' lang='lat' dir='ltr'><strong>licitum</strong></span> <span class='ocrx_word' id='word_1_50' title='bbox 624 925 713 975; x_wconf 78' lang='lat' dir='ltr'><strong>esse,</strong></span> <span class='ocrx_word' id='word_1_51' title='bbox 738 911 830 984; x_wconf 85' lang='lat' dir='ltr'><strong>q&#39;uam</strong></span> <span class='ocrx_word' id='word_1_52' title='bbox 872 906 957 985; x_wconf 71' lang='lat' dir='ltr'><strong>quood</strong></span> <span class='ocrx_word' id='word_1_53' title='bbox 985 907 1096 969; x_wconf 82' lang='lat' dir='ltr'><strong>initur·</strong></span> <span class='ocrx_word' id='word_1_54' title='bbox 1113 905 1155 967; x_wconf 87' lang='lat' dir='ltr'><strong>de</strong></span> <span class='ocrx_word' id='word_1_55' title='bbox 1184 903 1243 966; x_wconf 85' lang='lat' dir='ltr'><strong>clu·</strong></span> 
     </span>
     <span class='ocr_line' id='line_1_8' title="bbox 134 1008 1244 1103; baseline -0.002 -30"><span class='ocrx_word' id='word_1_56' title='bbox 134 1010 319 1083; x_wconf 73' lang='lat' dir='ltr'><strong>rationein·</strong></span> <span class='ocrx_word' id='word_1_57' title='bbox 335 1008 426 1077; x_wconf 78' lang='lat' dir='ltr'><strong>¹llide</strong></span> <span class='ocrx_word' id='word_1_58' title='bbox 451 1009 636 1090; x_wconf 79' lang='lat' dir='ltr'><strong>catholica,</strong></span> <span class='ocrx_word' id='word_1_59' title='bbox 657 1011 733 1072; x_wconf 90' lang='lat' dir='ltr'><strong>huic</strong></span> <span class='ocrx_word' id='word_1_60' title='bbox 756 1013 949 1072; x_wconf 89' lang='lat' dir='ltr'><strong>contrarium</strong></span> <span class='ocrx_word' id='word_1_61' title='bbox 979 1013 1107 1103; x_wconf 85' lang='lat' dir='ltr'><strong>irritum</strong></span> <span class='ocrx_word' id='word_1_62' title='bbox 1139 1018 1173 1072; x_wconf 89' lang='lat' dir='ltr'><strong>et</strong></span> <span class='ocrx_word' id='word_1_63' title='bbox 1197 1010 1244 1071; x_wconf 92' lang='lat' dir='ltr'><strong>in·</strong></span> 
     </span>
     <span class='ocr_line' id='line_1_9' title="bbox 136 1114 1246 1198; baseline -0.003 -19"><span class='ocrx_word' id='word_1_64' title='bbox 136 1116 224 1195; x_wconf 84' lang='lat' dir='ltr'><strong>pium</strong></span> <span class='ocrx_word' id='word_1_65' title='bbox 246 1114 317 1187; x_wconf 75' lang='lat' dir='ltr'><strong>iore</strong></span> <span class='ocrx_word' id='word_1_66' title='bbox 339 1114 415 1181; x_wconf 79' lang='lat' dir='ltr'><strong>lure</strong></span> <span class='ocrx_word' id='word_1_67' title='bbox 439 1116 601 1178; x_wconf 83' lang='lat' dir='ltr'><strong>Ganouieo</strong></span> <span class='ocrx_word' id='word_1_68' title='bbox 612 1163 623 1198; x_wconf 89' lang='lat'><em>‚</em></span> <span class='ocrx_word' id='word_1_69' title='bbox 644 1136 708 1177; x_wconf 90' lang='lat' dir='ltr'><strong>non</strong></span> <span class='ocrx_word' id='word_1_70' title='bbox 730 1126 835 1178; x_wconf 84' lang='lat' dir='ltr'><strong>tamen</strong></span> <span class='ocrx_word' id='word_1_71' title='bbox 865 1118 941 1178; x_wconf 84' lang='lat' dir='ltr'><strong>lure</strong></span> <span class='ocrx_word' id='word_1_72' title='bbox 973 1117 1188 1194; x_wconf 82' lang='lat' dir='ltr'><strong>Germanico,</strong></span> <span class='ocrx_word' id='word_1_73' title='bbox 1205 1114 1246 1176; x_wconf 82' lang='lat' dir='ltr'><strong>ulti</strong></span> 
     </span>
     <span class='ocr_line' id='line_1_10' title="bbox 137 1220 1248 1300; baseline -0.001 -18"><span class='ocrx_word' id='word_1_74' title='bbox 137 1239 247 1291; x_wconf 87' lang='lat' dir='ltr'><strong>omues</strong></span> <span class='ocrx_word' id='word_1_75' title='bbox 268 1226 336 1291; x_wconf 77' lang='lat' dir='ltr'><strong>tres</strong></span> <span class='ocrx_word' id='word_1_76' title='bbox 360 1221 562 1282; x_wconf 78' lang='lat' dir='ltr'><strong>Christianae</strong></span> <span class='ocrx_word' id='word_1_77' title='bbox 586 1221 815 1283; x_wconf 83' lang='lat' dir='ltr'><strong>Confessioucs</strong></span> <span class='ocrx_word' id='word_1_78' title='bbox 840 1240 902 1283; x_wconf 90' lang='lat' dir='ltr'><strong>uno</strong></span> <span class='ocrx_word' id='word_1_79' title='bbox 918 1223 1087 1284; x_wconf 80' lang='lat' dir='ltr'><strong>¹habentur</strong></span> <span class='ocrx_word' id='word_1_80' title='bbox 1117 1220 1248 1300; x_wconf 88' lang='lat' dir='ltr'><strong>loco,et</strong></span> 
     </span>
     <span class='ocr_line' id='line_1_11' title="bbox 139 1324 1249 1407; baseline 0 -19"><span class='ocrx_word' id='word_1_81' title='bbox 139 1324 280 1399; x_wconf 73' lang='lat' dir='ltr'><strong>cuilibet.</strong></span> <span class='ocrx_word' id='word_1_82' title='bbox 301 1324 435 1396; x_wconf 86' lang='lat' dir='ltr'><strong>libertas</strong></span> <span class='ocrx_word' id='word_1_83' title='bbox 466 1327 682 1391; x_wconf 77' lang='lat' dir='ltr'><strong>conscientiae</strong></span> <span class='ocrx_word' id='word_1_84' title='bbox 711 1334 807 1406; x_wconf 85' lang='lat' dir='ltr'><strong>atquc</strong></span> <span class='ocrx_word' id='word_1_85' title='bbox 839 1328 929 1407; x_wconf 88' lang='lat' dir='ltr'><strong>optio</strong></span> <span class='ocrx_word' id='word_1_86' title='bbox 960 1327 1075 1390; x_wconf 82' lang='lat' dir='ltr'><strong>exinde</strong></span> <span class='ocrx_word' id='word_1_87' title='bbox 1103 1325 1249 1389; x_wconf 79' lang='lat' dir='ltr'><strong>resultus</strong></span> 
     </span>
     <span class='ocr_line' id='line_1_12' title="bbox 139 1430 1251 1514; baseline 0 -22"><span class='ocrx_word' id='word_1_88' title='bbox 139 1431 311 1510; x_wconf 81' lang='lat' dir='ltr'><strong>tribuitur,</strong></span> <span class='ocrx_word' id='word_1_89' title='bbox 336 1451 552 1512; x_wconf 85' lang='lat' dir='ltr'><strong>quamcunque</strong></span> <span class='ocrx_word' id='word_1_90' title='bbox 576 1430 756 1494; x_wconf 84' lang='lat' dir='ltr'><strong>etoleratis</strong></span> <span class='ocrx_word' id='word_1_91' title='bbox 775 1432 965 1513; x_wconf 77' lang='lat' dir='ltr'><strong>religionem</strong></span> <span class='ocrx_word' id='word_1_92' title='bbox 982 1432 1176 1514; x_wconf 77' lang='lat' dir='ltr'><strong>profitendi:</strong></span> <span class='ocrx_word' id='word_1_93' title='bbox 1190 1431 1251 1492; x_wconf 82' lang='lat' dir='ltr'><strong>hinc</strong></span> 
     </span>
     <span class='ocr_line' id='line_1_13' title="bbox 138 1533 1252 1620; baseline -0.003 -20"><span class='ocrx_word' id='word_1_94' title='bbox 138 1539 217 1609; x_wconf 76' lang='lat' dir='ltr'><strong>lure</strong></span> <span class='ocrx_word' id='word_1_95' title='bbox 240 1537 431 1606; x_wconf 84' lang='lat' dir='ltr'><strong>Germanico</strong></span> <span class='ocrx_word' id='word_1_96' title='bbox 454 1546 581 1619; x_wconf 88' lang='lat' dir='ltr'><strong>pactum</strong></span> <span class='ocrx_word' id='word_1_97' title='bbox 605 1537 645 1599; x_wconf 90' lang='lat' dir='ltr'><strong>de</strong></span> <span class='ocrx_word' id='word_1_98' title='bbox 667 1535 842 1600; x_wconf 74' lang='lat' dir='ltr'><strong>educandis</strong></span> <span class='ocrx_word' id='word_1_99' title='bbox 865 1541 897 1600; x_wconf 93' lang='lat' dir='ltr'><strong>in</strong></span> <span class='ocrx_word' id='word_1_100' title='bbox 927 1539 1196 1620; x_wconf 75' lang='lat' dir='ltr'><strong>Protestantismu</strong></span> <span class='ocrx_word' id='word_1_101' title='bbox 1219 1533 1252 1597; x_wconf 91' lang='lat' dir='ltr'><strong>li·</strong></span> 
     </span>
     <span class='ocr_line' id='line_1_14' title="bbox 139 1639 1252 1725; baseline -0.003 -18"><span class='ocrx_word' id='word_1_102' title='bbox 139 1645 229 1713; x_wconf 79' lang='lat' dir='ltr'><strong>beris.</strong></span> <span class='ocrx_word' id='word_1_103' title='bbox 255 1663 319 1705; x_wconf 90' lang='lat' dir='ltr'><strong>non</strong></span> <span class='ocrx_word' id='word_1_104' title='bbox 342 1643 445 1707; x_wconf 88' lang='lat' dir='ltr'><strong>minus</strong></span> <span class='ocrx_word' id='word_1_105' title='bbox 467 1644 586 1706; x_wconf 89' lang='lat' dir='ltr'><strong>iustum</strong></span> <span class='ocrx_word' id='word_1_106' title='bbox 609 1643 696 1722; x_wconf 86' lang='lat' dir='ltr'><strong>iore,</strong></span> <span class='ocrx_word' id='word_1_107' title='bbox 725 1664 763 1705; x_wconf 88' lang='lat' dir='ltr'><strong>ac</strong></span> <span class='ocrx_word' id='word_1_108' title='bbox 793 1642 875 1704; x_wconf 94' lang='lat' dir='ltr'><strong>illud</strong></span> <span class='ocrx_word' id='word_1_109' title='bbox 908 1643 947 1705; x_wconf 91' lang='lat' dir='ltr'><strong>de</strong></span> <span class='ocrx_word' id='word_1_110' title='bbox 977 1642 1116 1725; x_wconf 86' lang='lat' dir='ltr'><strong>prolium</strong></span> <span class='ocrx_word' id='word_1_111' title='bbox 1146 1644 1180 1705; x_wconf 89' lang='lat' dir='ltr'><strong>in</strong></span> <span class='ocrx_word' id='word_1_112' title='bbox 1199 1639 1252 1705; x_wconf 78' lang='lat' dir='ltr'><strong>nir</strong></span> 
     </span>
     <span class='ocr_line' id='line_1_15' title="bbox 139 1746 1220 1822; baseline -0.003 -9"><span class='ocrx_word' id='word_1_113' title='bbox 139 1746 312 1822; x_wconf 66' lang='lat' dir='ltr'><strong>Ilatlrolics</strong></span> <span class='ocrx_word' id='word_1_114' title='bbox 336 1748 535 1811; x_wconf 81' lang='lat' dir='ltr'><strong>educatione.</strong></span> <span class='ocrx_word' id='word_1_115' title='bbox 658 1781 661 1787; x_wconf 93' lang='lat'>·</span> <span class='ocrx_word' id='word_1_116' title='bbox 1122 1770 1125 1775; x_wconf 91' lang='lat'>·</span> <span class='ocrx_word' id='word_1_117' title='bbox 1170 1769 1173 1775; x_wconf 93' lang='lat'><em>·</em></span> <span class='ocrx_word' id='word_1_118' title='bbox 1216 1750 1220 1758; x_wconf 91' lang='lat'>&#39;</span> 
     </span>
     <span class='ocr_line' id='line_1_16' title="bbox 142 1851 1252 1939; baseline 0.003 -26"><span class='ocrx_word' id='word_1_119' title='bbox 142 1893 218 1919; x_wconf 76' lang='grc'><strong>...,</strong></span> <span class='ocrx_word' id='word_1_120' title='bbox 241 1858 296 1923; x_wconf 71' lang='grc'><strong>42.</strong></span> <span class='ocrx_word' id='word_1_121' title='bbox 318 1851 834 1934; x_wconf 73' lang='lat' dir='ltr'><strong>collator-Parisiensis,</strong></span> <span class='ocrx_word' id='word_1_122' title='bbox 858 1863 892 1916; x_wconf 92' lang='lat' dir='ltr'><strong>ut</strong></span> <span class='ocrx_word' id='word_1_123' title='bbox 916 1856 1035 1934; x_wconf 87' lang='lat' dir='ltr'><strong>passim</strong></span> <span class='ocrx_word' id='word_1_124' title='bbox 1064 1855 1252 1939; x_wconf 66' lang='lat' dir='ltr'><strong>nominata,</strong></span> 
     </span>
     <span class='ocr_line' id='line_1_17' title="bbox 143 1956 1251 2035; baseline -0.001 -13"><span class='ocrx_word' id='word_1_125' title='bbox 143 1959 329 2031; x_wconf 76' lang='lat' dir='ltr'><strong>seuseditnr</strong></span> <span class='ocrx_word' id='word_1_126' title='bbox 350 1956 524 2022; x_wconf 85' lang='lat' dir='ltr'><strong>celebrium</strong></span> <span class='ocrx_word' id='word_1_127' title='bbox 550 1962 831 2035; x_wconf 57' lang='lat' dir='ltr'><strong>‚crementorum</strong></span> <span class='ocrx_word' id='word_1_128' title='bbox 861 1962 927 2022; x_wconf 85' lang='lat' dir='ltr'><strong>sire</strong></span> <span class='ocrx_word' id='word_1_129' title='bbox 958 1965 1171 2022; x_wconf 67' lang='lat' dir='ltr'><strong>donationum</strong></span> <span class='ocrx_word' id='word_1_130' title='bbox 1197 1961 1251 2021; x_wconf 69' lang='lat' dir='ltr'><strong>dr·</strong></span> 
     </span>
     <span class='ocr_line' id='line_1_18' title="bbox 144 2064 1252 2147; baseline 0 -21"><span class='ocrx_word' id='word_1_131' title='bbox 144 2069 410 2142; x_wconf 81' lang='lat' dir='ltr'><strong>ctesiasticurrtm,</strong></span> <span class='ocrx_word' id='word_1_132' title='bbox 436 2064 722 2145; x_wconf 86' lang='lat' dir='ltr'><strong>Lesemelier,</strong></span> <span class='ocrx_word' id='word_1_133' title='bbox 750 2066 788 2127; x_wconf 91' lang='lat' dir='ltr'><strong>de</strong></span> <span class='ocrx_word' id='word_1_134' title='bbox 811 2086 873 2145; x_wconf 89' lang='lat' dir='ltr'><strong>quo</strong></span> <span class='ocrx_word' id='word_1_135' title='bbox 893 2067 961 2147; x_wconf 87' lang='lat' dir='ltr'><strong>jam</strong></span> <span class='ocrx_word' id='word_1_136' title='bbox 983 2067 1016 2128; x_wconf 94' lang='lat' dir='ltr'><strong>iu</strong></span> <span class='ocrx_word' id='word_1_137' title='bbox 1038 2066 1180 2127; x_wconf 83' lang='lat' dir='ltr'><strong>historia</strong></span> <span class='ocrx_word' id='word_1_138' title='bbox 1199 2076 1252 2126; x_wconf 62' lang='lat' dir='ltr'><strong>nrti</strong></span> 
     </span>
     <span class='ocr_line' id='line_1_19' title="bbox 145 2165 1252 2260; baseline -0.005 -27"><span class='ocrx_word' id='word_1_139' title='bbox 145 2190 195 2233; x_wconf 86' lang='lat' dir='ltr'><strong>mo</strong></span> <span class='ocrx_word' id='word_1_140' title='bbox 218 2169 358 2235; x_wconf 85' lang='lat' dir='ltr'><strong>occurrit</strong></span> <span class='ocrx_word' id='word_1_141' title='bbox 382 2165 459 2245; x_wconf 79' lang='lat'>²³⁹),</span> <span class='ocrx_word' id='word_1_142' title='bbox 480 2172 542 2231; x_wconf 84' lang='lat' dir='ltr'><strong>lroc</strong></span> <span class='ocrx_word' id='word_1_143' title='bbox 562 2169 633 2232; x_wconf 94' lang='lat' dir='ltr'><strong>loco</strong></span> <span class='ocrx_word' id='word_1_144' title='bbox 658 2170 862 2250; x_wconf 76' lang='lat' dir='ltr'><strong>peculiariter</strong></span> <span class='ocrx_word' id='word_1_145' title='bbox 884 2170 1182 2260; x_wconf 86' lang='lat' dir='ltr'><strong>commemorandus</strong></span> <span class='ocrx_word' id='word_1_146' title='bbox 1214 2186 1252 2228; x_wconf 88' lang='lat' dir='ltr'><strong>re·</strong></span> 
     </span>
     <span class='ocr_line' id='line_1_20' title="bbox 145 2273 1251 2360; baseline -0.004 -23"><span class='ocrx_word' id='word_1_147' title='bbox 145 2273 448 2341; x_wconf 76' lang='lat' dir='ltr'><strong>nit..(ioniereutiee</strong></span> <span class='ocrx_word' id='word_1_148' title='bbox 471 2277 533 2338; x_wconf 86' lang='lat' dir='ltr'><strong>irae</strong></span> <span class='ocrx_word' id='word_1_149' title='bbox 553 2277 687 2339; x_wconf 84' lang='lat' dir='ltr'><strong>Parisiis</strong></span> <span class='ocrx_word' id='word_1_150' title='bbox 710 2279 892 2360; x_wconf 85' lang='lat' dir='ltr'><strong>institutae,</strong></span> <span class='ocrx_word' id='word_1_151' title='bbox 916 2278 1052 2357; x_wconf 88' lang='lat' dir='ltr'><strong>primum</strong></span> <span class='ocrx_word' id='word_1_152' title='bbox 1082 2295 1142 2357; x_wconf 88' lang='lat' dir='ltr'><strong>per</strong></span> <span class='ocrx_word' id='word_1_153' title='bbox 1172 2276 1251 2336; x_wconf 72' lang='lat' dir='ltr'><strong>Pars</strong></span> 
     </span>
     <span class='ocr_line' id='line_1_21' title="bbox 148 2377 1252 2464; baseline -0.004 -19"><span class='ocrx_word' id='word_1_154' title='bbox 148 2381 244 2445; x_wconf 62' lang='lat' dir='ltr'><strong>mum</strong></span> <span class='ocrx_word' id='word_1_155' title='bbox 263 2379 306 2442; x_wconf 90' lang='lat' dir='ltr'><strong>ad</strong></span> <span class='ocrx_word' id='word_1_156' title='bbox 328 2380 362 2441; x_wconf 91' lang='lat' dir='ltr'><strong>S.</strong></span> <span class='ocrx_word' id='word_1_157' title='bbox 384 2379 550 2445; x_wconf 86' lang='lat' dir='ltr'><strong>Nicolaum</strong></span> <span class='ocrx_word' id='word_1_158' title='bbox 580 2383 782 2443; x_wconf 88' lang='lat' dir='ltr'><strong>Boucher</strong></span> <span class='ocrx_word' id='word_1_159' title='bbox 811 2383 987 2462; x_wconf 84' lang='lat' dir='ltr'><strong>collectae,</strong></span> <span class='ocrx_word' id='word_1_160' title='bbox 1019 2380 1094 2464; x_wconf 85' lang='lat' dir='ltr'><strong>dein</strong></span> <span class='ocrx_word' id='word_1_161' title='bbox 1124 2388 1182 2464; x_wconf 87' lang='lat' dir='ltr'><strong>p&#39;er</strong></span> <span class='ocrx_word' id='word_1_162' title='bbox 1210 2377 1252 2441; x_wconf 83' lang='lat' dir='ltr'><strong>di·</strong></span> 
     </span>
     <span class='ocr_line' id='line_1_22' title="bbox 150 2483 1252 2561; baseline -0.004 -12"><span class='ocrx_word' id='word_1_163' title='bbox 150 2493 236 2549; x_wconf 84' lang='lat' dir='ltr'><strong>ctum</strong></span> <span class='ocrx_word' id='word_1_164' title='bbox 256 2483 454 2549; x_wconf 81' lang='lat' dir='ltr'><strong>Lesemelie&#39;r</strong></span> <span class='ocrx_word' id='word_1_165' title='bbox 475 2507 503 2547; x_wconf 84' lang='lat' dir='ltr'><strong>a.</strong></span> <span class='ocrx_word' id='word_1_166' title='bbox 530 2492 622 2550; x_wconf 81' lang='grc'><strong>1756.</strong></span> <span class='ocrx_word' id='word_1_167' title='bbox 646 2487 750 2548; x_wconf 83' lang='lat' dir='ltr'><strong>editae</strong></span> <span class='ocrx_word' id='word_1_168' title='bbox 774 2491 832 2549; x_wconf 90' lang='lat' dir='ltr'><strong>sub</strong></span> <span class='ocrx_word' id='word_1_169' title='bbox 851 2487 966 2549; x_wconf 81' lang='lat' dir='ltr'><strong>titulo:</strong></span> <span class='ocrx_word' id='word_1_170' title='bbox 990 2483 1199 2561; x_wconf 65' lang='lat' dir='ltr'><strong>conferentes</strong></span> <span class='ocrx_word' id='word_1_171' title='bbox 1212 2500 1252 2545; x_wconf 81' lang='lat' dir='ltr'><strong>cr·</strong></span> 
     </span>
     <span class='ocr_line' id='line_1_23' title="bbox 69 2574 1252 2676; baseline -0.004 -22"><span class='ocrx_word' id='word_1_172' title='bbox 69 2574 72 2582; x_wconf 40' lang='lat'>¹</span> <span class='ocrx_word' id='word_1_173' title='bbox 149 2596 368 2670; x_wconf 68' lang='lat' dir='ltr'><strong>clemastipucr</strong></span> <span class='ocrx_word' id='word_1_174' title='bbox 387 2599 426 2652; x_wconf 84' lang='lat' dir='ltr'><strong>de</strong></span> <span class='ocrx_word' id='word_1_175' title='bbox 447 2597 558 2676; x_wconf 75' lang='lat' dir='ltr'><strong>Paris,</strong></span> <span class='ocrx_word' id='word_1_176' title='bbox 581 2612 640 2654; x_wconf 81' lang='lat' dir='ltr'><strong>aur</strong></span> <span class='ocrx_word' id='word_1_177' title='bbox 660 2599 689 2654; x_wconf 87' lang='lat' dir='ltr'><strong>te</strong></span> <span class='ocrx_word' id='word_1_178' title='bbox 719 2598 879 2672; x_wconf 66' lang='lat' dir='ltr'><strong>disrumpe,</strong></span> <span class='ocrx_word' id='word_1_179' title='bbox 912 2613 954 2654; x_wconf 82' lang='lat' dir='ltr'><strong>ou</strong></span> <span class='ocrx_word' id='word_1_180' title='bbox 982 2599 1046 2654; x_wconf 77' lang='lat' dir='ltr'><strong>tou</strong></span> <span class='ocrx_word' id='word_1_181' title='bbox 1074 2591 1252 2654; x_wconf 67' lang='lat' dir='ltr'><strong>coneneie</strong></span> 
     </span>
     <span class='ocr_line' id='line_1_24' title="bbox 152 2696 1252 2776; baseline -0.005 -16"><span class='ocrx_word' id='word_1_182' title='bbox 152 2702 315 2776; x_wconf 77' lang='lat' dir='ltr'><strong>discipline</strong></span> <span class='ocrx_word' id='word_1_183' title='bbox 331 2703 371 2759; x_wconf 84' lang='lat' dir='ltr'><strong>dc</strong></span> <span class='ocrx_word' id='word_1_184' title='bbox 384 2703 404 2758; x_wconf 87' lang='lat' dir='ltr'><strong>l’</strong></span> <span class='ocrx_word' id='word_1_185' title='bbox 425 2702 531 2776; x_wconf 79' lang='lat' dir='ltr'><strong>Epltse</strong></span> <span class='ocrx_word' id='word_1_186' title='bbox 551 2718 628 2760; x_wconf 86' lang='lat' dir='ltr'><strong>auec</strong></span> <span class='ocrx_word' id='word_1_187' title='bbox 648 2705 680 2760; x_wconf 86' lang='lat' dir='ltr'><strong>lc</strong></span> <span class='ocrx_word' id='word_1_188' title='bbox 699 2705 953 2776; x_wconf 72' lang='lat' dir='ltr'><strong>rurrepreuence</strong></span> <span class='ocrx_word' id='word_1_189' title='bbox 982 2706 1026 2760; x_wconf 80' lang='lat' dir='ltr'><strong>du</strong></span> <span class='ocrx_word' id='word_1_190' title='bbox 1046 2696 1252 2776; x_wconf 60' lang='lat' dir='ltr'><strong>Roycnnrw</strong></span> 
     </span>
     <span class='ocr_line' id='line_1_25' title="bbox 144 2799 1252 2884; baseline -0.005 -15"><span class='ocrx_word' id='word_1_191' title='bbox 144 2809 286 2869; x_wconf 74' lang='lat' dir='ltr'><strong>..Frarrcc</strong></span> <span class='ocrx_word' id='word_1_192' title='bbox 314 2807 455 2865; x_wconf 79' lang='lat' dir='ltr'><strong>Etctlr‘cs</strong></span> <span class='ocrx_word' id='word_1_193' title='bbox 484 2815 516 2866; x_wconf 79' lang='lat' dir='ltr'><strong>et</strong></span> <span class='ocrx_word' id='word_1_194' title='bbox 543 2802 722 2884; x_wconf 77' lang='lat' dir='ltr'><strong>imprime&#39;er</strong></span> <span class='ocrx_word' id='word_1_195' title='bbox 750 2816 815 2883; x_wconf 75' lang='lat' dir='ltr'><strong>pur</strong></span> <span class='ocrx_word' id='word_1_196' title='bbox 835 2812 931 2866; x_wconf 80' lang='lat' dir='ltr'><strong>ordre</strong></span> <span class='ocrx_word' id='word_1_197' title='bbox 957 2811 997 2866; x_wconf 83' lang='lat' dir='ltr'><strong>de</strong></span> <span class='ocrx_word' id='word_1_198' title='bbox 1027 2808 1059 2866; x_wconf 80' lang='lat' dir='ltr'><strong>S.</strong></span> <span class='ocrx_word' id='word_1_199' title='bbox 1081 2807 1121 2864; x_wconf 81' lang='grc' dir='ltr'><strong>Ε.</strong></span> <span class='ocrx_word' id='word_1_200' title='bbox 1144 2799 1252 2880; x_wconf 67' lang='lat' dir='ltr'><strong>Mer-li</strong></span> 
     </span>
     <span class='ocr_line' id='line_1_26' title="bbox 155 2905 1252 2992; baseline -0.004 -20"><span class='ocrx_word' id='word_1_201' title='bbox 155 2913 307 2975; x_wconf 71' lang='lat' dir='ltr'><strong>Gurdinal</strong></span> <span class='ocrx_word' id='word_1_202' title='bbox 328 2915 542 2992; x_wconf 75' lang='lat' dir='ltr'><strong>deliioatllea,</strong></span> <span class='ocrx_word' id='word_1_203' title='bbox 566 2907 771 2988; x_wconf 79' lang='lat' dir='ltr'><strong>Arclreoc&#39;quc</strong></span> <span class='ocrx_word' id='word_1_204' title='bbox 794 2919 840 2972; x_wconf 53' lang='lat' dir='ltr'><strong>⁴cte</strong></span> <span class='ocrx_word' id='word_1_205' title='bbox 866 2915 970 2971; x_wconf 82' lang='lat' dir='ltr'><strong>Paris.</strong></span> <span class='ocrx_word' id='word_1_206' title='bbox 1001 2914 1101 2971; x_wconf 74' lang='lat'><strong><em>1756.</em></strong></span> <span class='ocrx_word' id='word_1_207' title='bbox 1130 2905 1252 2970; x_wconf 59' lang='lat' dir='ltr'><strong>Nom</strong></span> 
     </span>
     <span class='ocr_line' id='line_1_27' title="bbox 155 3004 1252 3096; baseline -0.008 -16"><span class='ocrx_word' id='word_1_208' title='bbox 155 3021 274 3085; x_wconf 61' lang='lat' dir='ltr'><strong>eduino</strong></span> <span class='ocrx_word' id='word_1_209' title='bbox 296 3037 326 3076; x_wconf 88' lang='lat' dir='ltr'><strong>o.</strong></span> <span class='ocrx_word' id='word_1_210' title='bbox 349 3020 450 3075; x_wconf 77' lang='lat'><strong><em>1773.</em></strong></span> <span class='ocrx_word' id='word_1_211' title='bbox 474 3014 576 3077; x_wconf 80' lang='lat' dir='ltr'><strong>&#39;lomo</strong></span> <span class='ocrx_word' id='word_1_212' title='bbox 600 3016 624 3077; x_wconf 90' lang='lat'><strong>1.</strong></span> <span class='ocrx_word' id='word_1_213' title='bbox 647 3014 705 3077; x_wconf 89' lang='lat' dir='ltr'><strong>lib.</strong></span> <span class='ocrx_word' id='word_1_214' title='bbox 731 3022 759 3076; x_wconf 94' lang='lat' dir='ltr'><strong>l.</strong></span> <span class='ocrx_word' id='word_1_215' title='bbox 790 3020 818 3089; x_wconf 55' lang='grc' dir='ltr'><strong>ᾗ.</strong></span> <span class='ocrx_word' id='word_1_216' title='bbox 850 3020 880 3077; x_wconf 78' lang='grc'><strong>8.</strong></span> <span class='ocrx_word' id='word_1_217' title='bbox 908 3035 940 3096; x_wconf 91' lang='lat' dir='ltr'><strong>p.</strong></span> <span class='ocrx_word' id='word_1_218' title='bbox 971 3021 1023 3076; x_wconf 79' lang='lat'><strong>36.</strong></span> <span class='ocrx_word' id='word_1_219' title='bbox 1052 3032 1100 3076; x_wconf 84' lang='lat' dir='ltr'><strong>ss.</strong></span> <span class='ocrx_word' id='word_1_220' title='bbox 1131 3014 1208 3075; x_wconf 82' lang='lat' dir='ltr'><strong>item</strong></span> <span class='ocrx_word' id='word_1_221' title='bbox 1227 3004 1252 3070; x_wconf 78' lang='lat' dir='ltr'><strong>&#39;l-</strong></span> 
     </span>
     <span class='ocr_line' id='line_1_28' title="bbox 148 3117 1252 3199; baseline -0.001 -20"><span class='ocrx_word' id='word_1_222' title='bbox 148 3121 211 3182; x_wconf 90' lang='lat' dir='ltr'><strong>lli.</strong></span> <span class='ocrx_word' id='word_1_223' title='bbox 233 3119 291 3182; x_wconf 84' lang='lat' dir='ltr'><strong>lib.</strong></span> <span class='ocrx_word' id='word_1_224' title='bbox 317 3126 345 3182; x_wconf 90' lang='lat' dir='ltr'><strong>l.</strong></span> <span class='ocrx_word' id='word_1_225' title='bbox 368 3137 399 3199; x_wconf 89' lang='lat' dir='ltr'><strong>p.</strong></span> <span class='ocrx_word' id='word_1_226' title='bbox 425 3119 473 3183; x_wconf 80' lang='lat'><strong>14.</strong></span> <span class='ocrx_word' id='word_1_227' title='bbox 497 3140 541 3181; x_wconf 86' lang='lat' dir='ltr'><strong>ss.</strong></span> <span class='ocrx_word' id='word_1_228' title='bbox 564 3128 703 3182; x_wconf 85' lang='lat' dir='ltr'><strong>tractant</strong></span> <span class='ocrx_word' id='word_1_229' title='bbox 734 3120 787 3182; x_wconf 39' lang='lat' dir='ltr'><strong>def</strong></span> <span class='ocrx_word' id='word_1_230' title='bbox 804 3120 1030 3182; x_wconf 82' lang='lat' dir='ltr'><strong>matrimoniis</strong></span> <span class='ocrx_word' id='word_1_231' title='bbox 1046 3117 1252 3182; x_wconf 70' lang='lat' dir='ltr'><strong>catholicum</strong></span> 
     </span>
     <span class='ocr_line' id='line_1_29' title="bbox 152 3222 1252 3304; baseline -0.003 -17"><span class='ocrx_word' id='word_1_232' title='bbox 152 3244 230 3287; x_wconf 87' lang='lat' dir='ltr'><strong>cum</strong></span> <span class='ocrx_word' id='word_1_233' title='bbox 251 3224 442 3287; x_wconf 84' lang='lat' dir='ltr'><strong>haereticis:</strong></span> <span class='ocrx_word' id='word_1_234' title='bbox 466 3243 546 3304; x_wconf 86' lang='lat' dir='ltr'><strong>quae</strong></span> <span class='ocrx_word' id='word_1_235' title='bbox 578 3229 705 3288; x_wconf 92' lang='lat' dir='ltr'><strong>omnino</strong></span> <span class='ocrx_word' id='word_1_236' title='bbox 736 3224 843 3288; x_wconf 81' lang='lat' dir='ltr'><strong>valida</strong></span> <span class='ocrx_word' id='word_1_237' title='bbox 873 3246 963 3304; x_wconf 86' lang='lat' dir='ltr'><strong>esse,</strong></span> <span class='ocrx_word' id='word_1_238' title='bbox 996 3222 1252 3304; x_wconf 73' lang='lat' dir='ltr'><strong>erumpentes</strong></span> 
     </span>
     <span class='ocr_line' id='line_1_30' title="bbox 147 3327 1252 3412; baseline 0.002 -21"><span class='ocrx_word' id='word_1_239' title='bbox 147 3348 294 3412; x_wconf 67' lang='lat' dir='ltr'><strong>⁴pruueos</strong></span> <span class='ocrx_word' id='word_1_240' title='bbox 316 3327 482 3391; x_wconf 79' lang='lat' dir='ltr'><strong>Ecclesiae</strong></span> <span class='ocrx_word' id='word_1_241' title='bbox 504 3330 635 3394; x_wconf 86' lang='lat' dir='ltr'><strong>Latinae</strong></span> <span class='ocrx_word' id='word_1_242' title='bbox 657 3352 729 3394; x_wconf 91' lang='lat' dir='ltr'><strong>cum</strong></span> <span class='ocrx_word' id='word_1_243' title='bbox 763 3332 903 3410; x_wconf 82' lang='lat' dir='ltr'><strong>Graeca,</strong></span> <span class='ocrx_word' id='word_1_244' title='bbox 926 3329 990 3393; x_wconf 89' lang='lat' dir='ltr'><strong>illn·</strong></span> <span class='ocrx_word' id='word_1_245' title='bbox 1005 3329 1083 3392; x_wconf 92' lang='lat' dir='ltr'><strong>olim</strong></span> <span class='ocrx_word' id='word_1_246' title='bbox 1111 3331 1252 3400; x_wconf 71' lang='lat' dir='ltr'><strong>initasto</strong></span> 
     </span>
     <span class='ocr_line' id='line_1_31' title="bbox 159 3431 1252 3518; baseline -0.002 -20"><span class='ocrx_word' id='word_1_247' title='bbox 159 3435 305 3518; x_wconf 86' lang='lat' dir='ltr'><strong>pluribus</strong></span> <span class='ocrx_word' id='word_1_248' title='bbox 328 3436 461 3516; x_wconf 88' lang='lat' dir='ltr'><strong>probat;</strong></span> <span class='ocrx_word' id='word_1_249' title='bbox 485 3438 669 3516; x_wconf 79' lang='lat' dir='ltr'><strong>cumprimis</strong></span> <span class='ocrx_word' id='word_1_250' title='bbox 691 3444 797 3499; x_wconf 87' lang='lat' dir='ltr'><strong>autem</strong></span> <span class='ocrx_word' id='word_1_251' title='bbox 819 3458 856 3498; x_wconf 87' lang='lat' dir='ltr'><strong>ex</strong></span> <span class='ocrx_word' id='word_1_252' title='bbox 877 3435 1044 3517; x_wconf 73' lang='lat' dir='ltr'><strong>eoaqood</strong></span> <span class='ocrx_word' id='word_1_253' title='bbox 1064 3444 1123 3498; x_wconf 78' lang='lat' dir='ltr'><strong>ne‘c</strong></span> <span class='ocrx_word' id='word_1_254' title='bbox 1144 3437 1179 3498; x_wconf 91' lang='lat' dir='ltr'><strong>in</strong></span> <span class='ocrx_word' id='word_1_255' title='bbox 1199 3431 1252 3495; x_wconf 70' lang='lat' dir='ltr'><strong>nil·</strong></span> 
     </span>
     <span class='ocr_line' id='line_1_32' title="bbox 160 3541 1252 3622; baseline -0.007 -17"><span class='ocrx_word' id='word_1_256' title='bbox 160 3545 203 3606; x_wconf 85' lang='lat' dir='ltr'><strong>tis</strong></span> <span class='ocrx_word' id='word_1_257' title='bbox 227 3541 434 3605; x_wconf 80' lang='lat' dir='ltr'><strong>matrimoniis</strong></span> <span class='ocrx_word' id='word_1_258' title='bbox 458 3541 630 3622; x_wconf 86' lang='lat' dir='ltr'><strong>quidquam</strong></span> <span class='ocrx_word' id='word_1_259' title='bbox 652 3542 736 3606; x_wconf 82' lang='lat' dir='ltr'><strong>desit</strong></span> <span class='ocrx_word' id='word_1_260' title='bbox 761 3542 1060 3606; x_wconf 84' lang='lat' dir='ltr'><strong>ad&#39;Sacramcntum</strong></span> <span class='ocrx_word' id='word_1_261' title='bbox 1082 3541 1252 3604; x_wconf 71' lang='lat' dir='ltr'><strong>constitum</strong></span> 
     </span>
     <span class='ocr_line' id='line_1_33' title="bbox 164 3645 1252 3729; baseline -0.004 -18"><span class='ocrx_word' id='word_1_262' title='bbox 164 3648 258 3727; x_wconf 88' lang='lat' dir='ltr'><strong>dum,</strong></span> <span class='ocrx_word' id='word_1_263' title='bbox 281 3646 427 3728; x_wconf 71' lang='lat' dir='ltr'><strong>quodque</strong></span> <span class='ocrx_word' id='word_1_264' title='bbox 449 3647 629 3711; x_wconf 86' lang='lat' dir='ltr'><strong>haereticus</strong></span> <span class='ocrx_word' id='word_1_265' title='bbox 652 3651 746 3711; x_wconf 88' lang='lat' dir='ltr'><strong>etiam</strong></span> <span class='ocrx_word' id='word_1_266' title='bbox 769 3650 813 3710; x_wconf 89' lang='lat' dir='ltr'><strong>sit</strong></span> <span class='ocrx_word' id='word_1_267' title='bbox 835 3668 933 3729; x_wconf 87' lang='lat' dir='ltr'><strong>capar</strong></span> <span class='ocrx_word' id='word_1_268' title='bbox 955 3645 1252 3728; x_wconf 65' lang='lat' dir='ltr'><strong>suscipiendism</strong></span> 
     </span>
     <span class='ocr_line' id='line_1_34' title="bbox 164 3751 1252 3834; baseline -0.003 -18"><span class='ocrx_word' id='word_1_269' title='bbox 164 3760 304 3816; x_wconf 89' lang='lat' dir='ltr'><strong>mentum</strong></span> <span class='ocrx_word' id='word_1_270' title='bbox 323 3751 528 3815; x_wconf 75' lang='lat' dir='ltr'><strong>Matrimonii.</strong></span> <span class='ocrx_word' id='word_1_271' title='bbox 553 3755 648 3816; x_wconf 83' lang='lat' dir='ltr'><strong>Circa</strong></span> <span class='ocrx_word' id='word_1_272' title='bbox 680 3754 923 3834; x_wconf 76' lang='lat' dir='ltr'><strong>quaestionemr.</strong></span> <span class='ocrx_word' id='word_1_273' title='bbox 944 3760 1142 3832; x_wconf 80' lang='lat' dir='ltr'><strong>an&#39;scmper</strong></span> <span class='ocrx_word' id='word_1_274' title='bbox 1170 3759 1252 3833; x_wconf 69' lang='lat' dir='ltr'><strong>petri</strong></span> 
     </span>
     <span class='ocr_line' id='line_1_35' title="bbox 165 3855 1252 3938; baseline -0.005 -17"><span class='ocrx_word' id='word_1_275' title='bbox 165 3867 237 3938; x_wconf 89' lang='lat' dir='ltr'><strong>tur,</strong></span> <span class='ocrx_word' id='word_1_276' title='bbox 259 3860 384 3937; x_wconf 83' lang='lat' dir='ltr'><strong>quoties</strong></span> <span class='ocrx_word' id='word_1_277' title='bbox 407 3876 480 3938; x_wconf 88' lang='lat' dir='ltr'><strong>pars</strong></span> <span class='ocrx_word' id='word_1_278' title='bbox 504 3858 757 3922; x_wconf 81' lang='lat' dir='ltr'><strong>catholicarum</strong></span> <span class='ocrx_word' id='word_1_279' title='bbox 788 3860 950 3922; x_wconf 86' lang='lat' dir='ltr'><strong>haeretica</strong></span> <span class='ocrx_word' id='word_1_280' title='bbox 980 3856 1188 3919; x_wconf 90' lang='lat' dir='ltr'><strong>matrimonio</strong></span> <span class='ocrx_word' id='word_1_281' title='bbox 1213 3855 1252 3918; x_wconf 69' lang='lat' dir='ltr'><strong>lui</strong></span> 
     </span>
     <span class='ocr_line' id='line_1_36' title="bbox 168 3956 1252 4047; baseline 0.002 -22"><span class='ocrx_word' id='word_1_282' title='bbox 168 3965 280 4047; x_wconf 63' lang='lat' dir='ltr'><strong>gitur?</strong></span> <span class='ocrx_word' id='word_1_283' title='bbox 310 3969 418 4026; x_wconf 89' lang='lat' dir='ltr'><strong>tenent</strong></span> <span class='ocrx_word' id='word_1_284' title='bbox 447 3964 506 4026; x_wconf 89' lang='lat' dir='ltr'><strong>hae</strong></span> <span class='ocrx_word' id='word_1_285' title='bbox 538 3962 761 4039; x_wconf 77' lang='lat' dir='ltr'><strong>(iollationesr¹</strong></span> <span class='ocrx_word' id='word_1_286' title='bbox 785 3966 818 4027; x_wconf 92' lang='lat' dir='ltr'><strong>in</strong></span> <span class='ocrx_word' id='word_1_287' title='bbox 851 3964 1090 4047; x_wconf 77' lang='lat' dir='ltr'><strong>dispensatione</strong></span> <span class='ocrx_word' id='word_1_288' title='bbox 1119 3956 1252 4027; x_wconf 76' lang='lat' dir='ltr'><strong>inceleri</strong></span> 
     </span>
     <span class='ocr_line' id='line_1_37' title="bbox 166 4066 1229 4157; baseline 0.006 -24"><span class='ocrx_word' id='word_1_289' title='bbox 166 4091 226 4154; x_wconf 90' lang='lat' dir='ltr'><strong>pro</strong></span> <span class='ocrx_word' id='word_1_290' title='bbox 254 4067 393 4132; x_wconf 87' lang='lat' dir='ltr'><strong>ineundo</strong></span> <span class='ocrx_word' id='word_1_291' title='bbox 423 4067 482 4132; x_wconf 89' lang='lat' dir='ltr'><strong>tali</strong></span> <span class='ocrx_word' id='word_1_292' title='bbox 511 4071 661 4153; x_wconf 76' lang='lat' dir='ltr'><strong>coniugio</strong></span> <span class='ocrx_word' id='word_1_293' title='bbox 693 4077 767 4135; x_wconf 89' lang='lat' dir='ltr'><strong>tunc</strong></span> <span class='ocrx_word' id='word_1_294' title='bbox 798 4066 906 4141; x_wconf 88' lang='lat' dir='ltr'><strong>saltim</strong></span> <span class='ocrx_word' id='word_1_295' title='bbox 933 4070 1047 4137; x_wconf 82' lang='lat' dir='ltr'><strong>abesse</strong></span> <span class='ocrx_word' id='word_1_296' title='bbox 1077 4067 1229 4157; x_wconf 73' lang='lat' dir='ltr'><strong>culpam,</strong></span> 
     </span>
    </p>
   </div>
   <div class='ocr_carea' id='block_1_3' title="bbox 236 4309 568 4381">
    <p class='ocr_par' dir='ltr' id='par_1_3' title="bbox 236 4309 568 4381">
     <span class='ocr_line' id='line_1_38' title="bbox 236 4309 568 4381; baseline -0.018 -9"><span class='ocrx_word' id='word_1_297' title='bbox 236 4313 304 4381; x_wconf 75' lang='lat'><strong>239)</strong></span> <span class='ocrx_word' id='word_1_298' title='bbox 323 4319 357 4367; x_wconf 88' lang='lat' dir='ltr'><strong>ci.</strong></span> <span class='ocrx_word' id='word_1_299' title='bbox 375 4309 399 4378; x_wconf 58' lang='grc' dir='ltr'><strong>ἦ.</strong></span> <span class='ocrx_word' id='word_1_300' title='bbox 417 4315 460 4367; x_wconf 69' lang='lat'><strong>41.</strong></span> <span class='ocrx_word' id='word_1_301' title='bbox 470 4318 507 4366; x_wconf 86' lang='lat' dir='ltr'><strong>&#39;et</strong></span> <span class='ocrx_word' id='word_1_302' title='bbox 524 4316 568 4368; x_wconf 87' lang='grc'><strong>68.</strong></span> 
     </span>
    </p>
   </div>
   <div class='ocr_carea' id='block_1_4' title="bbox 0 0 1424 4838">
    <p class='ocr_par' dir='ltr' id='par_1_4' title="bbox 0 0 1424 4838">
     <span class='ocr_line' id='line_1_39' title="bbox 0 0 1424 4838; baseline 0 0"><span class='ocrx_word' id='word_1_303' title='bbox 0 0 1424 4838; x_wconf 95' lang='lat' dir='ltr'><strong> </strong></span> 
     </span>
    </p>
   </div>
  </div>
 </body>
</html>
