2798 4838
595 237 749 312 -256
778 281 829 297 -

632 469 669 562 ς.
698 471 784 540 140.

95 571 97 576 Ι
140 610 204 670 lio
234 609 387 669 offatm
426 609 757 682 dispositionum
793 610 847 666 ob
880 605 1099 680 aepiscopis
1135 595 1276 678 quood

89 787 92 792 Ι
141 708 266 763 matr·
283 703 415 762 mixto
432 700 655 760 foetorum.
674 706 727 760 ln
744 701 868 774 proxi
895 715 1051 770 magno
1074 699 1271 774 deinceps

62 796 65 803 ’
339 831 348 849 .
371 807 543 868 qnoque
560 795 756 865 regnavit
775 793 1042 852 nidor-miros.

244 958 281 1019 Si
302 955 345 1020 de
366 955 495 1019 effectu·
505 962 695 1037 quaeratur,
728 976 821 1038 quern
843 955 1073 1036 dispositiones
1096 955 1267 1034 Episcopo-

140 1081 210 1126 rum
230 1061 321 1125 iuxta
342 1063 616 1145 vota-Regiminis
638 1062 744 1125 factae
771 1062 961 1124 habuerint:
992 1068 1031 1123 dc
1051 1062 1264 1139 Arcbiepiaco·

139 1187 181 1247 po
204 1171 384 1230 Coloniensi
405 1173 439 1231 0.
462 1174 585 1248 Spiepel
606 1174 751 1245 constat,
783 1167 876 1237 illum
909 1187 1009 1246 usque
1031 1168 1130 1228 linem
1154 1164 1260 1226 dierun

141 1294 272 1337 suerum
296 1257 383 1337 iuxta
407 1275 633 1337 (laurentianis
655 1273 875 1337 Berelinensis
899 1270 1050 1336 conclusa
1081 1274 1116 1333 in
1147 1271 1260 1352 negotia

141 1388 235 1444 matr.
265 1383 435 1443 mixtorum
474 1400 509 1442 se
548 1383 700 1461 gessisse.
743 1383 786 1443 m
824 1385 1018 1459 Episcopum
1058 1383 1260 1439 ib‘ecircmcn

141 1491 310 1567 Hortarer,
332 1484 410 1551 licei
429 1487 641 1549 conventioni
662 1485 821 1550 antelatae
843 1484 1037 1566 accesserit,
1058 1484 1091 1543 in
1115 1484 1205 1564 praxi
1223 1488 1258 1542 ia·

141 1613 213 1656 men
236 1592 368 1655 eandem
390 1613 455 1663 nen
477 1612 604 1674 semper
627 1599 796 1674 sequutum
817 1592 939 1670 fuisse,
962 1590 1025 1650 imo
1048 1589 1161 1651 statim
1181 1587 1257 1648 tertie

141 1701 181 1763 ab
203 1698 261 1761 illa
283 1704 448 1782 acceptata
469 1717 578 1760 mense
600 1700 632 1760 in
656 1696 843 1778 particulari
864 1716 941 1759 casu
963 1714 1107 1756 normam
1141 1696 1169 1756 ei
1198 1712 1258 1754 cen·

17 1820 19 1827 ⁴
139 1807 290 1886 traciam,
312 1805 371 1868 sed
392 1806 487 1868 Brevi
508 1802 698 1886 Apostolice
725 1805 942 1882 conformem,
981 1800 1200 1884 adeptasis'se,
1219 1818 1258 1859 re·

140 1911 254 1995 fertur.
269 1904 335 1984 494>
360 1909 425 1973 Sed
448 1911 535 1990 quod
557 1912 727 1972 maximum
749 1918 817 1990 est,
842 1909 1032 1971 difformiias
1055 1909 1088 1970 in
1108 1904 1256 1969 sententiis

140 2016 357 2098 parochorum
380 2017 466 2081 circa
488 2037 617 2079 sensum
638 2018 763 2096 Brevis,
773 2017 909 2096 indeque
933 2021 1022 2077 ortae
1043 2015 1078 2076 in
1100 2013 1193 2093 praxi
1209 2029 1255 2071 nen
1296 2068 1298 2079 ,

140 2119 228 2184 leves
247 2119 462 2195 difficultates
485 2123 564 2185 satis
587 2121 814 2202 ostenderunt,
838 2143 931 2204 quam
954 2121 1135 2203 improvide
1156 2139 1205 2182 res
1218 2124 1255 2178 te·

59 2234 62 2243 ’
140 2234 174 2290 ta
204 2229 374 2292 mixtarum
405 2230 588 2312 nuptiarum
619 2229 771 2311 parochis
805 2228 1029 2311 pertractanda
1069 2225 1192 2288 credita
1216 2223 1253 2285 sit.

140 2335 211 2396 Duo
235 2317 358 2397 mnium
379 2335 481 2397 instar
504 2333 641 2416 exempli
661 2354 894 2415 memoramus,
916 2336 949 2395 in
974 2335 1089 2414 quibus
1113 2328 1256 2413 magnale

139 2441 376 2504 Archidc‘occcai
398 2445 577 2503 coloniense·
603 2442 689 2502 inter
711 2442 870 2522 parochos
904 2447 972 2502 erat
1003 2460 1118 2519 sensns
1143 2434 1253 2500 diversi·

141 2552 208 2608 tas:
230 2546 379 2607 nimirum
401 2547 488 2608 circa
509 2551 629 2626 locum,
661 2548 693 2607 in
725 2566 787 2628 que
809 2548 995 2610 assistentia
1026 2546 1156 2626 passiva
1183 2559 1253 2623 prae·

140 2653 221 2714 stari
243 2651 377 2730 debeat,
400 2661 432 2714 et
451 2652 557 2734 quoad
578 2652 752 2727 formulam
767 2658 942 2732 nuptialem
958 2650 1018 2713 tali
1032 2653 1199 2713 occasione
1212 2645 1254 2708 ad·

130 2757 323 2821 hibendam.
352 2759 471 2838 Quoad
489 2763 632 2836 primum
653 2761 824 2821 censebant
846 2758 976 2837 quidam
1004 2760 1183 2819 sacristiam
1202 2767 1256 2815 esse

129 2858 247 2926 'locum
271 2870 507 2946 opportunum:
531 2863 616 2943 quod
638 2863 715 2944 alii,
739 2866 919 2926 sacristiam
940 2885 999 2946 pro
1017 2862 1091 2925 loco
1112 2859 1257 2925 sacreha·

129 2962 264 3048 hendo,
299 2970 596 3046 controvertebaut3
625 2969 770 3032 nonnulli
800 2971 928 3032 domurn
957 2966 1185 3048 praeterialem
1204 2966 1260 3028 Ma·

140 3075 297 3157 gistratus
320 3073 451 3158 Civilis,
482 3095 588 3138 ceram
617 3097 680 3157 que
703 3083 793 3139 actus
809 3076 920 3156 ¹civilis
953 3081 1138 3138 contractus
1167 3069 1261 3136 mast

138 3179 290 3243 monialis
313 3189 542 3262 perageretur,
565 3185 803 3264 preponebant:
829 3180 1043 3264 quemlecum
1060 3181 1118 3243 alii
1140 3174 1264 3262 prevale

130 3285 182 3347 -de
204 3285 341 3368 profano
366 3294 398 3349 et
419 3286 581 3350 ludecanii
611 3289 780 3351 habebant.
813 3276 927 3368 Quoad
956 3294 1094 3350 alterum
1116 3286 1213 3368 aliqui
1236 3302 1264 3344 e·

140 3393 363 3472 xistimabant,
379 3395 475 3469 etiam
496 3395 530 3455 in
548 3413 624 3456 casu
646 3397 850 3457 assistentiae
872 3415 957 3456 mere
986 3395 1134 3474 passivae
1156 3393 1265 3454 formu·

139 3487 204 3561 lam
227 3500 407 3581 quampiam
436 3499 613 3579 nuptialem
644 3500 918 3583 pronunciandam
950 3520 1021 3562 esse
1030 3522 1040 3576 3
1073 3497 1132 3562 alii
1154 3505 1266 3571 auten,

128 3595 304 3678 ‘disertam'
317 3606 567 3686 prohibitionem
584 3608 695 3670 Brevis
714 3629 732 3670 a
756 3609 868 3690 quovis
889 3610 953 3668 ritu
971 3625 1063 3669 sacro
1084 3613 1118 3668 et
1131 3612 1202 3668 actu
1217 3602 1266 3663 ab·

127 3699 281 3794 {stipendi
306 3720 522 3794 opponentes,
552 3711 674 3775 nullam
695 3712 867 3776 formulam
890 3712 1037 3775 adhiberi
1066 3733 1165 3793 posse
1192 3707 1265 3772 iudl‘

140 3818 273 3895 cabant;
304 3816 450 3895 nonnulli
468 3819 656 3900 ¹dictionem
686 3819 801 3882 saltem
833 3818 973 3900 aliquam
1004 3820 1189 3898 aparocho
1214 3807 1266 3876 tali

141 3924 378 4006 opportunitate
400 3925 584 3990 servandam
601 3929 843 4008 projectabant‚
866 3925 923 3988 alii
944 3924 1119 3989 formulam
1140 3937 1262 3987 consee-

130 4035 206 4092 tsnr
231 4029 365 4092 omIssis
387 4032 519 4093 ver-bist
541 4035 691 4111 „ratifico
710 4040 742 4094 et
756 4029 1262 4095 benedico’'commendabanieiss·

140 4137 274 4198 henam
294 4132 354 4197 nec
377 4136 483 4216 quoad
505 4136 632 4217 locum,
662 4159 719 4200 nec
741 4139 871 4202 modum
894 4140 1098 4202 assistentiae
1130 4134 1259 4218 passivae

210 4325 279 4394 ibi)
298 4333 332 4382 ci.
354 4332 429 4382 Stoa.
450 4333 594 4394 ,iuprburp
614 4330 703 4384 iens.
723 4347 749 4391 a.
767 4331 816 4384 38.
