2798 4838
581 262 733 331 -203
761 302 811 325 .-

135 425 191 467 non
215 403 322 467 Statul
345 402 443 466 (livill
473 407 524 467 lus
555 406 639 467 circa
661 404 902 486 religionarlam
933 402 1073 486 prolium
1097 403 1262 468 educatio·

132 532 199 572 nem
229 509 421 592 disponendi
453 510 596 589 addixit,
629 533 687 573 nee
719 510 760 572 ad
790 510 892 573 solius
925 512 1048 593 patris,
1080 508 1137 573 scd
1167 508 1263 573 simul

132 611 242 678 matris
264 622 373 697 partes
395 617 577 697 pertinere,
609 625 644 680 ut
676 617 715 680 de
736 616 895 698 religione
927 615 1065 697 prolium
1089 614 1263 697 quidquam

131 714 309 810 statuatur,
333 719 490 783 defendit.

234 831 287 889 76.
318 832 548 906 Forderunpen
571 834 629 890 der
654 831 870 890 katholiaclsen
894 830 1014 889 Kirclce
1036 831 1073 888 io
1089 828 1263 903 Aesacon,

131 940 185 994 der
209 937 401 1010 Erzielsung
423 939 481 994 der
503 952 565 995 oua
587 936 782 1012 gemiacdten
805 936 899 995 hoen
929 941 1101 1009 eracuqcec
1129 936 1263 993 Kinder.

131 1039 259 1117 llerz,
281 1042 476 1101 katholiaclce
498 1042 804 1116 Liceruturzeicvmp.
833 1038 957 1100 XVIII.
968 1041 1145 1115 Jourpooq.
1163 1041 1263 1098 1887.

130 1147 204 1205 [Β.
228 1148 350 1219 pm.
380 1144 437 1208 lus
459 1143 628 1206 Ecclesiae
650 1143 839 1206 Catholicae
861 1141 1072 1205 desiderandi
1093 1163 1112 1204 a
1136 1143 1264 1225 sponsis
1328 1192 1330 1201 ,
1382 1132 1384 1137 ’

131 1250 251 1310 mixtae
276 1245 463 1330 religionis,
495 1257 531 1312 ut
560 1249 753 1312 catholicam
783 1249 1005 1311 educationem
1037 1268 1167 1311 suarum
1187 1267 1264 1329 pro-

132 1352 211 1420 lium
235 1355 363 1433 praevie
392 1355 599 1435 promittant,
630 1355 706 1418 inde
741 1357 878 1437 prohat,
913 1354 1001 1436 quod
1022 1353 1172 1418 Ecclesia
1204 1353 1266 1414 hoc
1293 1413 1295 1416 ,

132 1449 319 1542 poscendo,
351 1462 481 1522 nonnisi
502 1468 625 1542 partem
649 1460 838 1524 catholicam
866 1462 1040 1542 coniugum
1071 1460 1113 1523 ad
1136 1458 1266 1540 ohliga-

134 1568 254 1628 tionem
278 1586 369 1629 suam
389 1568 555 1642 reflectat3
577 1587 636 1629 nec
659 1569 788 1630 obstare
809 1565 921 1628 Civilis
943 1567 1124 1647 Reglminis
1147 1564 1265 1643 edicta,

136 1691 216 1750 quae
240 1673 358 1752 quippe
381 1678 457 1733 tunc
479 1671 583 1735 solum
605 1675 637 1735 vi
660 1670 832 1752 obligativa
854 1670 1018 1754 polleant,
1036 1653 1077 1734 'si
1098 1671 1266 1752 principiis

135 1775 318 1857 Religionis
341 1778 544 1841 Christianae
574 1799 638 1839 uon
667 1783 853 1860 repugnent.
885 1766 1043 1839 Provocat
1064 1797 1125 1839 una
1146 1778 1267 1839 Auctor

138 1883 328 1945 Germaniae
351 1882 532 1963 Praetules,
550 1891 585 1947 ut
606 1892 717 1946 mutuo
741 1903 900 1945 consensu
921 1883 1079 1964 principia
1099 1880 1266 1945 Ecclesiae
1291 1891 1297 1925 ¹

138 1991 222 2052 circa
243 1995 338 2050 matr.
352 1990 451 2052 mixta
475 1990 661 2068 enuncient,
683 2009 888 2070 normamque
910 1989 1140 2070 praescribant.

240 2100 292 2161 77.
324 2093 517 2157 Andreas
542 2095 701 2174 Frank,
723 2092 1207 2173 ProfessorEranoofurtensis,
1225 2092 1267 2155 ad
1319 2088 1321 2093 ’
1371 2082 1374 2088 ’

138 2220 248 2282 preces
272 2199 482 2262 Sacerdotem
505 2199 765 2281 catholicorum,
798 2202 853 2280 qui
882 2203 923 2263 oh
945 2205 1038 2263 matr.
1052 2201 1150 2263 mixta
1171 2201 1266 2263 nimis
1311 2251 1314 2258 .

139 2304 352 2388 multiplicata
379 2304 422 2367 ad
442 2304 552 2386 plures
571 2307 727 2386 ingratas
750 2305 934 2369 collisiones
962 2307 996 2366 in
1019 2306 1163 2369 Statihus
1184 2306 1268 2369 Pro·

140 2413 318 2475 testanticis
350 2411 523 2492 devenere,
555 2413 756 2475 concinnavit
790 2411 956 2475 libellum:
991 2415 1070 2473 Wna
1096 2422 1182 2490 weyt
1210 2419 1267 2474 ao-

141 2523 223 2582 soolsl
247 2525 306 2580 der
330 2522 500 2596 Kottolils,
531 2523 580 2579 ola
605 2525 662 2580 der
680 2524 862 2581 Protectont
898 2523 947 2581 hei
968 2521 1057 2580 einer
1076 2506 1269 2596 gemiaohteh

105 2672 110 2694 ,
141 2619 232 2688 Ehe?
272 2628 490 2687 Beontworcet
520 2643 583 2684 ooo
618 2628 719 2686 ciuem
751 2629 867 2686 luthol.
901 2626 1104 2687 Geiatlichen.
1142 2626 1267 2685 Wutrz-

140 2735 227 2809 lurp.
246 2734 348 2791 1827.
378 2731 497 2810 inquo
520 2729 699 2808 propositis
722 2729 871 2808 gravibus
902 2726 1054 2807 periculis
1084 2729 1207 2790 animae
1230 2747 1277 2797 ex,

143 2832 299 2921 eiusmodi
321 2836 481 2916 coniugiis
504 2835 657 2913 consequi
679 2832 807 2913 solitis,
838 2835 877 2896 ab
906 2834 949 2896 iis
971 2830 1118 2895 ineundis
1149 2831 1267 2895 dehor-

141 2945 199 3004 tari
222 2939 333 3020 studet
354 2948 418 3002 tam
435 2939 620 3003 catholicos
644 2960 738 3020 quam
754 2941 984 3002 Protestantes.
1015 2936 1162 3001 Pericula
1185 2940 1270 3018 parti

142 3044 320 3111 catholicae
354 3047 552 3108 imminentia
578 3046 659 3107 haec
692 3039 1020 3126 exponit:'peccandi
1051 3051 1162 3107 contra
1193 3064 1269 3106 con-

83 3149 88 3163 *
143 3153 309 3217 scientiam
332 3158 364 3213 et
385 3154 616 3216 convictionem
648 3152 687 3213 de
709 3154 929 3233 praerogativa
953 3150 1046 3213 Eidei
1069 3146 1268 3230 Catholicae,

143 3279 237 3337 porro
270 3258 426 3320 incuriam
449 3255 586 3336 salutis,
618 3277 690 3319 cum
721 3260 869 3340 propriae
895 3264 966 3328 tum
997 3254 1138 3336 prolium
1169 3258 1269 3318 mani-

83 3360 90 3392 ·³
142 3363 304 3443 testandi,
326 3370 359 3426 et
381 3364 487 3425 secum
509 3365 580 3444 ipso
603 3365 803 3425 incessanter
823 3361 977 3426 luctandi.
990 3359 1053 3435 ³⁹³)
1260 3441 1262 3445 7

244 3473 296 3532 78.
318 3475 386 3536 Dua
408 3473 579 3532 Verhalten
593 3473 804 3532 kathola‘echer
816 3473 951 3545 Pfarrer
967 3473 1016 3530 dei
1034 3473 1186 3545 Enuuog
1211 3488 1270 3546 pe·

138 3581 292 3640 mascator
309 3579 418 3636 Elaea:
436 3575 542 3637 llath
554 3595 571 3634 o
583 3572 662 3656 lik,
684 3580 753 3636 eine
781 3580 868 3652 reliq.
888 3573 1083 3647 zeitschrift.
1096 3577 1219 3635 xxiii.
1228 3578 1268 3635 Β.
1291 3636 1292 3640 ,

135 3686 242 3746 1827.
259 3701 291 3756 p.
301 3685 489 3742 152—164.
504 3681 572 3761 agit
586 3679 625 3743 de
643 3679 846 3762 copulatione
862 3681 897 3740 in
913 3679 1022 3740 mixtis
1037 3679 1269 3758 matrimoniis,

132 3802 236 3867 quam
253 3786 383 3847 nonnisi
404 3783 549 3867 impletis
573 3786 811 3849 conditionibus
828 3783 995 3848 Ecclesiae
1015 3802 1074 3865 per
1095 3783 1270 3865 parochum
1351 3801 1352 3804 ’

131 3889 570 3958 catholicumadministrari
583 3911 680 3974 posse
699 3894 821 3955 statuit.
838 3890 1098 3954 Ordiuariatihus
1106 3891 1270 3972 proponit,

124 4052 392 4078 *—

212 4141 281 4210 893)
302 4147 508 4200 liecensiouesa
534 4149 650 4214 Korn,
669 4116 768 4201 tathei.
787 4148 872 4200 Litcr.
891 4148 1024 4210 Zeitunoae
1038 4146 1146 4199 XVIII.
1172 4146 1267 4206 Jouro.

179 4236 267 4291 1887.
295 4238 324 4290 8.
351 4243 384 4290 B.
412 4255 437 4299 p.
465 4235 534 4292 289.
561 4269 597 4280 -
622 4243 812 4307 Besuard,
839 4242 894 4292 bit.
923 4241 1036 4306 zetam
1061 4240 1108 4300 {tir
1131 4239 1177 4294 dle
1197 4238 1269 4290 hails.

183 4331 372 4386 castiniaco.
392 4328 439 4387 18.
458 4333 552 4399 Juirp.
571 4330 661 4392 1827.
678 4333 707 4391 8.
727 4338 760 4390 Β.
778 4348 804 4395 v·
822 4327 890 4391 857.
