2798 4838
129 411 172 498 ι’,
211 419 295 494 copy
322 396 511 478 mecanica
540 411 636 477 adara
666 417 836 495 capannas
863 419 987 476 cesten.
1008 419 1112 479 osas.
1143 416 1265 479 Ausus

134 518 242 582 libelli
265 519 361 582 huius
383 541 529 602 magnam
551 520 768 584 celebritatem
791 522 980 600 consequuti
1000 521 1095 583 l'arte
1116 541 1264 602 praescr-

133 627 195 688 tim
217 627 313 687 tertia
337 625 376 687 de
398 647 433 688 re
456 627 700 706 matrimoniali,
731 635 763 689 et
785 628 950 707 signanter
970 625 1010 689 de
1032 634 1125 690 matr.
1155 629 1265 690 mixtis

134 729 238 793 multa
258 730 422 811 praeclare
446 733 598 812 disserit,
629 731 821 794 Reversales
843 733 1014 812 insigniter
1036 731 1200 812 defendit,
1231 741 1265 796 et

135 857 208 898 cum
232 836 457 917 singulariaad
480 839 697 900 nuntiationes
727 838 758 927 ιιι
783 839 932 899 Comitiis
954 859 983 899 a.
1008 829 1122 915 ldbss.
1151 846 1264 901 eontra

137 940 344 1023 disciplinam
366 942 533 1005 Ecclesiae
557 942 744 1005 Catholicae
764 943 869 1004 factas
892 944 1087 1023 attentione,
1109 936 1265 1006 aduersu!¹

137 1049 336 1130 objectiones
360 1047 611 1111 adversariorum
635 1056 752 1110 tuetur.
927 1090 930 1097 -
1036 1117 1040 1123 ,

241 1160 315 1216 396.
336 1161 398 1233 Die
418 1160 530 1232 hetltpe
548 1159 720 1216 Dorothea.
742 1158 906 1232 Dichtuop
926 1163 996 1217 und
1016 1159 1186 1218 Wahrheic
1204 1175 1267 1217 aus

134 1268 208 1323 dent
229 1258 461 1323 Ktrchealehen
481 1267 516 1320 tn
535 1264 675 1338 Unpcrn.
697 1263 840 1337 Leipzip.
848 1265 950 1322 1839.
972 1259 1105 1323 libellus
1119 1261 1173 1323 hic
1187 1260 1266 1322 iden

137 1366 457 1444 commemorandus,
478 1365 564 1444 quood
585 1368 617 1427 in
641 1365 779 1427 decursu
800 1365 1012 1427 historiae-iu
1033 1367 1137 1428 forma
1160 1366 1266 1429 dialo-

136 1474 170 1553 gi
191 1471 375 1551 complures
398 1491 553 1552 personas
574 1471 704 1533 inducat
735 1471 775 1532 de
798 1479 890 1533 matr.
922 1472 1020 1533 mixto
1048 1471 1265 1550 disserentes,
1286 1503 1291 1512 ·

136 1576 225 1656 quod
246 1580 288 1639 ob
310 1576 534 1638 reluctantium
557 1578 667 1658 sponsi
689 1575 861 1638 acatholici
882 1576 1070 1640 Reverralcs
1102 1577 1179 1638 dare
1206 1597 1267 1638 uo·

134 1679 234 1758 lentis
255 1702 318 1743 non
341 1681 514 1744 coaluerit:
537 1702 598 1761 quo
623 1703 659 1744 cr
680 1681 835 1743 incidenti
858 1683 1070 1763 contrahas,
1093 1704 1131 1745 ex
1152 1681 1265 1743 adver-

135 1807 178 1850 so
196 1807 271 1848 vero
292 1789 324 1848 in
346 1788 487 1851 favorem
519 1789 567 1849 sic
598 1788 704 1849 dictae
735 1789 874 1849 mitioris
905 1791 1014 1869 praxis
1042 1791 1075 1851 iu
1098 1790 1264 1870 ilungarla

134 1891 363 1955 invalescentis
385 1890 479 1972 plura
501 1900 617 1955 monet.
634 1890 711 1965 1066)

240 2003 312 2061 397.
336 2000 484 2078 Georg.
507 1999 577 2079 Fej
590 1999 650 2075 er,
673 2003 824 2059 melones
833 2003 994 2059 Ecclesiae
1013 2003 1192 2061 Catholicae
1205 2008 1264 2062 ad-

133 2124 251 2167 uersus
272 2109 475 2165 mammonin
496 2097 599 2165 mineo
621 2107 810 2174 irrestrtcta.
832 2105 1005 2180 Aspasiae.
1024 2108 1145 2168 Vincet.
1153 2112 1264 2169 1840.

135 2211 339 2273 occasionem
370 2209 553 2287 scribendi,
585 2215 619 2270 ut
648 2209 719 2290 ipse
754 2211 875 2271 Auctor
910 2209 1050 2290 fatetur,
1083 2213 1198 2273 sumsit
1226 2230 1265 2274 cx

138 2323 252 2377 eventu
275 2314 481 2395 Coloniensi,
514 2318 554 2377 ob
578 2335 671 2395 quem
693 2317 837 2394 quaestio
860 2313 900 2376 de
932 2311 1024 2378 matr.
1047 2318 1155 2378 mixtis
1177 2317 1265 2380 iacta

138 2421 182 2483 ιιι
201 2419 408 2505 universalis,
432 2442 469 2482 ac
491 2424 585 2500 proin
608 2421 704 2483 etiam
727 2441 840 2483 sensus
871 2421 1038 2485 Ecclesiae
1060 2423 1268 2503 ilungaricae

134 2523 241 2608 palam
264 2528 337 2587 lieri
360 2527 482 2588 debeat.
506 2528 586 2588 'l'am
609 2528 778 2588 historiam
810 2536 900 2589 matr.
922 2531 1092 2590 mixtorum
1119 2529 1152 2589 ln
1174 2530 1265 2590 liun-

134 2634 227 2714 garla
248 2631 323 2693 inde
346 2653 365 2693 a
388 2632 584 2712 temporibus
607 2633 730 2693 Mariae
746 2633 938 2711 Therasiae,
961 2634 1100 2694 breviter
1123 2634 1263 2714 quidem,

132 2739 301 2821 proponit,
323 2758 417 2817 qrram
439 2739 601 2820 rationes,
632 2739 788 2816 equibus
818 2737 964 2799 Ecclesia
993 2759 1012 2800 a
1042 2746 1140 2801 matu·
1157 2741 1263 2803 mixtis

134 2851 323 2906 constanter
344 2845 564 2923 abhorruerit,
588 2841 723 2921 evolvit,
746 2864 782 2903 ac
805 2851 912 2904 cetera
928 2843 1012 2904 inter
1027 2847 1163 2907 asserit:
1187 2867 1264 2925 „ve-

134 2951 301 3012 hementer
331 2958 508 3029 erraturum
540 2969 630 3027 carm,
663 2951 716 3027 qui
739 2951 941 3011 matrimonia
970 2952 1054 3012 luter
1077 2950 1264 3013 catholicus

98 3134 102 3138 p
135 3064 170 3118 et
192 3057 371 3117 haereticos
393 3055 670 3115 indiscriminatim
698 3054 782 3115 haud
812 3054 1047 3134 contrahenda,
1079 3057 1266 3136 nefariaque

136 3181 226 3242 esse,
252 3162 293 3222 ad
314 3161 411 3222 fidem
434 3164 595 3241 pertinere
617 3161 836 3222 inficiaretur:
865 3180 946 3240 quac
969 3162 1053 3222 enim
1074 3162 1183 3225 Verbo
1204 3165 1266 3225 liei

134 3265 241 3346 fulta,
269 3269 426 3328 communi
452 3267 617 3330 Ecclesiae
647 3287 803 3328 consensu
826 3273 881 3328 aut
898 3268 994 3330 Conc.
1004 3266 1171 3330 Generalis
1194 3269 1265 3331 edl-

132 3379 192 3436 Ιιιο
216 3379 288 3436 aunt
308 3375 494 3454 proposita,
525 3374 565 3436 ad
587 3373 683 3435 fidem
706 3374 799 3435 cath.
821 3393 884 3434 non
912 3382 1050 3456 possunt
1078 3393 1140 3436 non
1161 3377 1264 3455 perti-

134 3484 244 3542 nere’'.

242 3589 314 3646 398.
337 3584 609 3663 Vesztrcicry
633 3585 837 3661 liereutz,
859 3589 951 3645 νόυἰιι
974 3581 1268 3648 cirteleezdeNAEcat

137 3686 377 3769 Vdrmeppeoele
397 3695 505 3752 1840.
534 3685 584 3749 eci
605 3690 685 3765 Any.
717 3686 751 3748 e's
771 3694 849 3750 Noc.
881 3686 1089 3767 hrioapolebon
1120 3681 1268 3753 tortatott

134 3793 377 3876 Kdz-Gyctleacs'
398 3792 589 3885 olkalma'cal
607 3796 638 3854 α’
655 3813 767 3873 eepyes
788 3792 996 3872 hdzasadpole’
1012 3793 1184 3858 c‘rdelee'hen
1202 3803 1270 3879 ledit

214 4052 298 4115 1066)
318 4051 522 4102 Recensionesa
558 4051 720 4111 Altaemes'oe
756 4050 1028 4118 uteretur-Zettunp.
1054 4054 1145 4117 Helle.
1176 4038 1267 4104 1839}

174 4144 210 4194 E.
230 4146 263 4213 B.
284 4146 334 4193 No.
354 4140 422 4193 106.
442 4157 467 4201 p.
488 4139 560 4192 848.
581 4168 616 4180 -
633 4142 771 4191 Hnlltsche
797 4141 971 4193 Jauroocuer.
991 4140 1089 4195 1840.
1118 4146 1167 4196 No.
1196 4143 1264 4196 282,

174 4250 201 4294 tl·
213 4231 300 4286 2255.
318 4260 355 4274 -
374 4239 461 4304 Picent.
481 4237 564 4286 nicer.
581 4237 643 4285 blot.
659 4247 708 4286 sur
725 4234 905 4296 Atlpemcioeu
919 4222 1157 4298 utrcoeneeuenqj
1169 4236 1265 4287 Dum.

174 4329 253 4378 stadt.
272 4324 358 4379 1⁶41.
378 4340 404 4385 ιι.
420 4324 521 4378 iiii.x
874 4316 878 4323 '
1029 4348 1033 4355 .
1070 4340 1073 4351 ι
1234 4318 1257 4349 .’
