2798 4838
598 202 827 334 ..⁵51ss-

145 425 207 469 nae
229 424 305 468 suae
327 405 489 468 missionis
517 405 679 488 impendi,
711 426 747 469 ac
780 408 874 488 proin
905 405 1038 469 eundem
1071 403 1273 471 Sacerdotem

144 511 313 575 Ecclesiae
335 512 525 574 auctoritate
552 532 667 594 agere,
701 513 825 594 hocque
849 532 907 575 suo
936 518 1008 575 actu
1040 513 1274 575 matrimonium

145 625 309 698 tamquam
329 618 455 680 divinae
476 619 693 696 institutioni,
724 620 843 699 linique
867 638 925 680 ιιιο
949 623 982 678 et
1002 616 1169 680 Ecclesiae
1190 617 1273 698 legi-

147 726 207 785 bus
237 731 478 786 consectaneum
509 724 604 785 hrains
632 725 758 784 nomine
790 723 970 803 adprobare
1012 727 1043 784 et
1073 725 1272 807 confirmare,

144 848 248 908 eoque
269 831 342 910 ipso
374 849 443 891 cum
465 829 642 890 rationibus
664 831 771 891 rectae
795 830 1031 903 conscientiae,
1053 827 1199 890 fideliore
1223 828 1272 890 di-

144 936 361 1014 speusationis
384 935 529 1016 componi
551 933 636 996 haud
658 953 772 1013 posse,
795 934 824 995 si
846 934 1027 996 benedictio
1051 932 1119 995 illis
1150 935 1271 996 tribna-

144 1047 218 1121 tur,
240 1041 314 1121 qui‚
337 1040 422 1118 quod
443 1058 520 1102 suae
542 1041 694 1122 propriae
721 1036 771 1101 vel
793 1041 1024 1102 nasciturorum
1056 1037 1195 1118 prolium
1217 1058 1271 1101 ae-

144 1152 256 1207 ternae
285 1144 398 1206 salutis
429 1165 503 1210 cura
532 1166 595 1206 uun
627 1154 816 1229 tangantur,
847 1147 910 1206 imo
942 1144 1068 1226 legibus
1104 1143 1271 1208 Ecclesiae

144 1253 296 1333 opposite
327 1258 439 1333 agant,
478 1251 510 1311 in
533 1253 622 1331 gravi
644 1258 775 1330 peccato
805 1250 846 1312 ad
875 1244 936 1312 lioc
959 1256 1191 1313 sacramentum
1222 1252 1269 1311 ri·

142 1377 256 1418 rorum
277 1375 313 1418 se
335 1356 486 1418 accedere
507 1376 570 1417 non
594 1359 729 1419 obscure
751 1356 900 1436 produnt.
923 1354 998 1429 ¹⁰⁵⁸)
1062 1439 1064 1443 Ι

631 1524 667 1620 q.
695 1527 781 1600 ara.

142 1667 251 1724 muns
270 1667 339 1721 riri.
356 1667 395 1723 ί.
419 1663 544 1723 iulii.
571 1651 698 1724 miti
738 1663 977 1734 miseserico-
1007 1666 1061 1723 eri
1088 1667 1271 1725 cumdem

141 1753 314 1814 cierunt
332 1758 508 1814 mittunt
532 1756 682 1816 literae
702 1759 754 1816 rie
771 1762 896 1828 matr.
923 1756 1066 1815 mixti·
1085 1772 1172 1816 mora
1189 1757 1269 1815 aii·

140 1854 230 1919 ter,
255 1864 384 1920 quarm
417 1850 628 1921 praescita
662 1851 858 1907 cautione
896 1863 1027 1920 nuper·
1060 1849 1270 1907 catholica

123 1940 327 2027 ‘prolium
352 1940 622 2010 educatione,
640 1940 731 1998 ritu
759 1928 968 2003 Ecclesiae
987 1940 1115 1999 solito
1139 1943 1268 2021 iserae·

587 2030 791 2090 dicendin-

244 2192 448 2274 l'raeparatir
479 2210 535 2272 per
557 2193 716 2272 praeviam
747 2192 786 2254 de
811 2192 1014 2255 Matrimonia
1038 2193 1268 2256 iustitutionem
1386 2201 1396 2208 “

139 2297 275 2375 animis,
299 2297 350 2358 die
372 2304 402 2368 2.
417 2295 497 2361 lulii
521 2300 612 2358 184⁰.
644 2299 743 2361 totius
768 2299 872 2377 Regni
893 2295 1075 2359 Praesules·
1096 2297 1268 2384 celeberri-

142 2423 207 2464 mas
229 2401 304 2465 illas
337 2403 376 2465 de
398 2404 694 2464 mirtia'counubiir
725 2402 892 2483 vrrlgarunt
936 2391 1122 2482 Encpch'coa
1149 2408 1272 2488 literar,

141 2526 221 2588 quae
245 2515 364 2571 tantam
394 2509 485 2570 corbin
508 2506 774 2580 iurisdictionum
795 2506 942 2570 Ciuilium
978 2510 1185 2571 attentionem
1202 2529 1268 2574 ex-

138 2614 288 2677 citarunt.
311 2616 345 2676 ln
370 2614 486 2676 Litoris
512 2613 564 2673 lais
584 2611 764 2692 Euopclicis
789 2620 957 2694 postquam
981 2615 1160 2692 expositum
1185 2613 1267 2676 fuir-

138 2726 210 2798 set,
240 2720 325 2799 quali
354 2719 464 2782 siradio
488 2718 590 2779 Sedes
611 2718 799 2796 Apostolica
830 2719 1049 2796 recentissimo
1080 2719 1265 2802 cumprimis

137 2832 283 2906 tempore
306 2824 446 2888 cautelas
468 2825 553 2884 circa
575 2817 776 2885 matrimonia
799 2843 1005 2905 personarum
1026 2821 1285 2886 eatuoiiearum·

137 2950 210 2993 cum
241 2928 507 2992 Nou-Catholicis
530 2950 589 3007 per
607 2929 850 3017 'vetustissimos
874 2931 1018 2991 Capones
1049 2931 1263 3009 praescriptas

136 3044 247 3099 exacte
271 3037 432 3098 observari
454 3035 680 3110 inculcaverit,
712 3036 894 3114 abrasusque
923 3055 960 3095 ac
983 3055 1110 3096 errores
1141 3034 1202 3095 hac
1231 3037 1264 3095 in

135 3150 227 3223 parte
261 3141 490 3204 invalescentes
526 3141 686 3218 corrigere
731 3139 960 3220 emendareque
998 3140 1109 3202 adnisa
1146 3140 1263 3202 luerit:

135 3247 226 3327 ipsae
249 3246 324 3308 illae
347 3244 488 3308 cautelae
509 3247 639 3307 uberius
663 3244 866 3324 evolvuntur,
889 3264 925 3307 ac
942 3251 1100 3326 tamquam
1120 3247 1153 3307 in
1171 3267 1271 3327 prae⁴¹

137 3352 240 3432 cipuls
262 3352 357 3414 Fidei
375 3350 559 3413 Catholicae
583 3352 751 3432 principiis
774 3349 927 3413 fundatae
949 3358 1182 3433 proponuntur,
1207 3351 1262 3413 de·

136 3475 197 3535 que
221 3459 355 3538 coniuge
378 3456 557 3534 catholico,
582 3457 655 3535 qui,
680 3462 828 3536 quantum
851 3458 886 3518 in·
907 3476 941 3517 se
964 3464 1033 3532 est,
1055 3456 1181 3517 torturas
1210 3475 1258 3516 so·
1325 3452 1328 3463 '

131 3559 228 3623 troies
258 3565 296 3623 ab
325 3561 471 3624 Ecclesia
505 3569 536 3622 et
566 3559 733 3638 Religione
761 3582 820 3639 pro
854 3562 945 3622 tunice
974 3580 1046 3621 vera
1087 3581 1124 3621 ac
1156 3561 1260 3622 diviua

131 3655 246 3749 agnita
266 3666 389 3730 alienas
410 3667 538 3745 reddit,
561 3665 699 3729 diciturc
722 3663 817 3726 talem
838 3665 1001 3727 crudelem
1023 3667 1056 3726 in
1079 3665 1155 3727 illa-s
1179 3685 1259 3746 esse,

136 3772 328 3853 sublimique
351 3773 547 3835 Sacrameuti
568 3771 764 3833 Matrimonii
786 3768 887 3833 indoli
909 3791 1103 3852 nequaquam
1126 3791 1261 3853 respou-
1367 3789 1374 3802 ·

130 3879 235 3975 dere,
258 3899 295 3940 ac
316 3880 406 3960 proin
431 3878 564 3940 eundem
586 3879 752 3958 coniugem
774 3876 815 3937 ad
833 3877 1068 3941 Sacramentum
1092 3878 1281 3941 Matrimo-'
1329 3940 1334 3955 ἱ

135 3986 183 4048 nii
206 3983 301 4066 digne
331 3984 566 4065 suscipiendum
597 3985 724 4045 minime
755 3984 816 4043 rite
848 3971 1057 4064 dispositum,
1088 3985 1261 4046 beneficio-

135 4111 207 4153 rum
231 4091 346 4169 etiam‚
371 4110 451 4169 quae
474 4078 675 4151 conditiones
699 4090 738 4149 ab
761 4086 906 4150 Ecclesia
929 4091 1102 4170 requisitas
1126 4110 1262 4171 sequun-

138 4247 385 4272 —n--n—-h

209 4319 292 4385 1058)
312 4327 400 4375 Mon.
419 4323 479 4374 aie.
500 4337 561 4388 pag.
579 4323 640 4373 717.
