2798 4838
587 221 644 327 -,-’
664 238 738 310 172
764 276 815 290 -

139 381 312 463 rochialis,
334 384 453 464 absque
474 382 675 445 cunctatione
697 380 818 462 agenda
840 380 956 442 venire.
979 376 1042 454 ⁸²²)
1075 412 1114 426 -
1137 381 1255 444 instru-

140 491 205 553 ctio
229 488 451 552 Ordinariatns
473 493 710 551 Rotisboocosio
731 488 869 568 primum
890 485 1097 568 particularis
1130 496 1200 550 erat
1219 484 1256 550 ad

141 594 307 677 quemdam
334 595 495 658 Decanum
523 592 578 656 dd.
612 599 661 655 17.
691 594 774 674 Aug.
800 598 891 655 1830.
923 592 1065 673 directa,
1095 591 1144 653 ld'
1162 611 1255 656 enon·

141 703 247 764 clanse
270 700 432 780 {descripti
455 720 473 762 a
496 700 659 762 (inbernio
680 698 785 779 Regio
809 699 863 761 dd.
889 703 938 760 16.
959 700 1033 761 Jun.
1058 702 1152 760 1830.
1182 695 1254 760 editi

139 807 224 869 hunc
246 804 349 880 solum
372 824 442 867 esse
465 825 612 883 sensum,
642 824 681 866 ne
704 792 848 884 parochi
861 803 1014 867 catholici
1034 823 1054 867 a
1075 809 1169 891 parte
1189 823 1252 867 aca-
1287 842 1294 899 2

140 899 263 975 tholica
283 912 422 992 scriptas
442 908 618 975 reversales
639 909 770 988 literas,
792 917 847 973 aut
860 912 996 974 iuratam
1013 909 1252 993 promissione!
1289 914 1294 925 '

140 1018 288 1098 origant3
310 1014 417 1096 legum
439 1014 604 1078 Ecclesiae
626 1023 769 1078 tenorem
791 1035 865 1078 vero
889 1036 960 1078 eum
982 1035 1073 1095 esse,
1094 1021 1132 1076 ut
1149 1015 1251 1077 matri·

140 1123 278 1185 monium
301 1122 432 1184 mixtum
454 1141 492 1183 eo
515 1129 637 1184 tantum
659 1140 736 1183 casu
756 1120 846 1183 licite
867 1123 941 1184 iniri
963 1119 1086 1201 valeat,
1121 1119 1199 1182 dum
1219 1119 1251 1181 de

140 1225 299 1290 catholica
322 1227 459 1288 omnium
481 1224 623 1308 prolium
654 1225 841 1289 educatione
863 1228 1018 1311 requiisita
1048 1224 1143 1288 adest
1171 1244 1251 1288 secu·

139 1334 237 1411 ritas,
261 1353 340 1413 quae
363 1332 518 1413 siquidem
543 1333 742 1413 potissimum
758 1353 815 1411 per
830 1339 923 1414 pacta
939 1335 1023 1394 inter
1038 1332 1185 1413 Sponsus
1199 1331 1252 1393 inl·

139 1445 172 1506 ta
194 1429 469 1520 subministretur,
500 1438 577 1499 baec
598 1437 790 1517 inspiciendi
812 1438 862 1499 ius
883 1438 1032 1520 parochis
1054 1456 1153 1518 porro
1177 1456 1251 1519 qno·

140 1562 202 1625 que
224 1551 421 1623 competere:
442 1563 481 1610 ‚ac
503 1541 639 1622 proinde
662 1542 823 1605 ordinarie
845 1550 920 1604 tunc
952 1541 1152 1604 solummodo
1184 1560 1254 1623 pro·
1290 1548 1294 1601 ὲ

139 1645 277 1730 mulgeri
307 1654 339 1710 et
368 1646 516 1710 benedici
545 1649 781 1711 matrimonium
811 1650 925 1711 mixtae
947 1648 1115 1728 religionis
1143 1666 1253 1730 posse,

140 1753 215 1816 dnm
236 1760 363 1837 pactum
385 1752 425 1815 de
448 1751 620 1815 educandis
649 1755 682 1815 in
704 1753 786 1816 Fide
809 1752 978 1816 catholica
999 1751 1146 1832 prolibus
1167 1771 1254 1837 [ιιιιοε

140 1859 201 1923 clro
223 1860 350 1941 praevie
371 1877 429 1939 per
451 1860 594 1942 Sponsus
618 1861 805 1935 exhibetur3
833 1879 892 1921 nec
920 1859 1064 1940 potuisse
1086 1863 1252 1921 memorato

86 1992 88 1996 ⁴
138 1963 256 2029 Edicto
278 1964 375 2052 Regii
397 1964 552 2027 Gubernil
573 1965 724 2047 parochis
746 1944 930 2046 prohiberi{
963 1970 998 2026 ut
1018 1946 1251 2049 tamquamndo-

140 2076 246 2135 ctores
264 2076 296 2132 et
313 2068 430 2131 medici
449 2068 631 2151 spirltuales
650 2090 778 2132 suorum
798 2068 941 2132 fidelium
958 2071 1019 2132 hos
1036 2069 1144 2132 modis
1160 2068 1251 2132 omni

139 2177 219 2257 bus,
243 2176 377 2257 quaein
401 2195 510 2237 eorum
532 2182 604 2265 sunt
626 2183 807 2256 potestate,
837 2175 879 2239 ad
909 2182 1017 2256 partes
1052 2173 1249 2256 obligationis
1271 2156 1290 2229 ⁴.

141 2301 217 2369 suae
240 2281 407 2343 occasione
428 2281 597 2363 mixtorum
620 2282 893 2343 matrimoniorum
919 2279 996 2343 illos
1018 2283 1177 2356 manentis
1207 2299 1249 2343 oc·

142 2392 249 2465 curate
273 2384 445 2469 explendas
468 2393 687 2448 commoneant
708 2384 786 2459 ³²³).
810 2375 896 2448 idem
910 2386 1135 2449 Ordinariatus
1158 2384 1211 2448 dd.
1226 2387 1248 2445 l.
1288 2366 1294 2421 ’-

138 2492 258 2555 Januar
282 2496 373 2555 1831.
397 2490 576 2572 generalem
599 2491 640 2553 ad
662 2495 789 2570 quosvis
814 2492 974 2554 Parochos
998 2491 1111 2554 eodem
1139 2494 1173 2554 in
1195 2509 1249 2552 mc·

138 2598 201 2659 rito
225 2596 348 2660 dimisit
368 2598 610 2659 instructionem
632 2598 727 2658 huius
750 2601 888 2659 tenoris:
912 2600 1046 2679 scriptas
1065 2597 1193 2679 quidem
1207 2615 1248 2658 re·

138 2701 278 2766 versales
301 2710 356 2766 aut
377 2706 510 2766 iuratam
532 2704 777 2784 promissionem
806 2723 903 2782 snper
931 2702 1089 2766 catholica
1119 2701 1248 2786 prolium

139 2809 325 2872 educatione
356 2809 443 2871 haud
472 2808 606 2890 amplius
637 2809 828 2889 exigendas,
860 2815 910 2871 ast
941 2807 1036 2869 simul
1067 2811 1099 2869 in
1131 2807 1247 2871 defecto

139 2917 313 2978 certificati
330 2936 426 2996 super
447 2916 509 2976 hoc
532 2916 656 2994 obiecto
678 2913 822 2994 legitima
844 2915 878 2975 in
901 2916 1004 2975 forma
1036 2915 1157 2976 exarati
1186 2909 1247 2975 nul·

138 3019 201 3083 lam
223 3021 356 3082 activam
381 3022 556 3102 partemin
580 3019 793 3080 celebratione
822 3020 1013 3081 matrimonii
1041 3020 1133 3081 mixti
1161 3040 1181 3081 a
1201 3036 1246 3097 pa·

138 3127 248 3187 rochis
277 3125 483 3203 capiendam,
514 3126 606 3204 proin
637 3145 695 3185 nec
727 3124 998 3206 promulgationes
1027 3122 1244 3198 instituendas,

138 3249 197 3291 nec
218 3228 453 3311 copulationem
476 3250 513 3292 ac
534 3230 787 3292 benedictionem
805 3228 1066 3310 impertiendam,
1089 3249 1182 3293 casus
1200 3226 1244 3288 de·

139 3355 221 3396 mum
243 3335 343 3415 magis
365 3332 519 3417 implexos
542 3335 583 3397 ad
605 3334 841 3397 Ordinariatum
862 3334 1048 3396 referendos
1073 3355 1155 3397 esse.
1172 3326 1228 3398 ³²⁴)

141 3500 387 3515 *a*

207 3607 275 3674 322)
293 3612 382 3662 Mon.
408 3612 467 3663 133.
486 3626 548 3677 pag.
575 3611 636 3663 159.
663 3639 699 3649 -
725 3613 888 3672 Alipemeioe
914 3599 1145 3671 Kircoeocettonq.
1171 3602 1248 3658 18³1.

173 3715 198 3759 u.
217 3700 288 3753 960.

207 3791 273 3855 333)
290 3796 381 3846 Μοιι.
401 3796 461 3847 131.
480 3810 542 3860 pag.
562 3795 622 3846 160.
641 3821 676 3832 -
693 3794 927 3856 Asoboffeoborqer
943 3794 1106 3844 lotbob'oobe
1125 3793 1250 3844 Kiroboo·

172 3885 285 3947 caisano.
303 3885 391 3938 1830.
412 3904 438 3946 o.
458 3884 524 3938 718.

208 3973 381 4040 33190101.
401 3981 461 4032 135.
481 3994 543 4046 pag.
564 3968 625 4028 161‘.
