2798 4838
583 256 813 328 -412-

136 410 337 487 perpetuum,
371 406 399 466 si
417 423 501 467 unus
525 402 639 465 coniux
661 406 813 482 perpetuo
837 399 985 484 desperet
1017 402 1058 464 de
1084 400 1182 467 salute
1208 401 1242 465 al-

137 512 248 575 terius.
265 507 325 583 ⁸⁰⁰)

570 675 814 690 m

391 828 425 896 8.
454 822 734 901 [literatura
760 821 868 897 enni
895 827 1006 898 1839.

620 1011 657 1106 ς.
686 1013 772 1084 are.

24 1126 26 1130 Ι
137 1177 344 1235 Auctor-ce
357 1172 676 1242 mmmmm,
695 1171 770 1243 qul
787 1186 867 1243 pru
885 1170 1247 1241 defensionum!-

137 1266 265 1326 mtnls
282 1264 520 1333 Bomsuiel,
537 1268 584 1322 'et
601 1266 748 1322 centra
765 1264 1115 1338 urentem-cepoe
1144 1264 1247 1323 vols·

243 1358 433 1416 niernum
452 1372 500 1415 rte
518 1357 853 1416 roan-mensem
871 1359 1156 1430 floriparum.

239 1523 309 1582 283.
331 1517 694 1602 Bretseirueider,
715 1523 794 1580 uber
812 1522 863 1580 die
879 1522 1071 1596 Pricileqien
1094 1506 1248 1579 Marici-¹

136 1629 231 1688 scien
241 1629 366 1688 smiles
379 1630 414 1686 in
422 1627 608 1703 Bezieiuuq
618 1625 972 1703 aufdiestuataqeweit,
990 1626 1248 1686 uacidemreeit-

135 1735 239 1793 licium
247 1736 472 1809 Staudpuucte.
490 1732 1087 1815 Aiiqemeinelsirclenreicuuq.1839.
1107 1733 1157 1791 No
1166 1731 1247 1790 1-4.

136 1838 280 1915 Auctor,·
297 1836 401 1917 magni
424 1833 506 1896 inter
522 1835 697 1897 hodiernos
717 1836 936 1921 Prutcstantes
956 1832 1191 1897 Rationalistas
1205 1850 1248 1895 nc»

135 1942 252 2021 minis,
275 1942 307 2003 in
331 1939 613 2003 dissertatiuncula
635 1942 715 2022 isia,
739 1961 777 2004 ex
801 1940 960 2002 incidente
979 1945 1148 2002 eventuum
1167 1935 1244 2000 (lelc-

103 2035 106 2043 ’
136 2048 294 2109 niensium
310 2066 347 2108 ac
361 2046 624 2109 Posnanieusium
640 2048 779 2128 scripta,
803 2053 913 2108 contra
928 2047 1129 2106 Potestatem
1144 2045 1247 2107 Prima·

136 2150 246 2215 tialem
272 2130 317 2215 in·
330 2150 477 2214 Ecclesia
500 2151 666 2214 catholica
689 2140 919 2227 debacchatur,
959 2156 995 2212 ut
1018 2151 1067 2214 ita
1093 2152 1179 2213 viam
1199 2147 1246 2212 uti

136 2257 364 2337 quadamtenus
392 2264 495 2320 struat
519 2257 560 2320 ad
592 2257 842 2320 ostendendumr
879 2255 1070 2318 relationem
1098 2258 1184 2318 inter
1201 2253 1245 2317 ila·
1284 2236 1286 2259 ¹

135 2361 276 2425 thadeus
299 2372 332 2426 et
352 2365 571 2428 Protestantes
593 2365 625 2424 in
651 2363 819 2425 Germania
841 2362 938 2424 hodie
959 2359 1056 2442 iunge
1086 2359 1184 2423 aliam
1210 2377 1245 2419 es·

136 2486 190 2547 se,
213 2488 250 2531 ac
272 2468 348 2533 clim
370 2472 458 2533 iuxta
481 2471 638 2533 theoriam
649 2467 814 2530 Ecclesiae
831 2469 993 2531 Romanae
1008 2467 1123 2551 fuerit,
1146 2473 1177 2528 et
1190 2463 1245 2526 ideo

134 2571 224 2656 leges
246 2583 363 2646 contra¹
380 2582 470 2639 matr.
496 2574 595 2636 mixta·
615 2573 863 2637 catholicorum
886 2595 956 2635 cum
978 2574 1156 2635 haereticis
1186 2568 1243 2632 ullu

134 2678 217 2743 latas
247 2679 287 2743 ad
318 2682 472 2744 hodierna
503 2683 660 2743 connubia
688 2682 772 2741 inter
793 2679 968 2742 catholicos
992 2684 1024 2740 et
1047 2681 1241 2758 protestantes

136 2786 292 2868 applicari
315 2788 399 2849 haud
422 2806 528 2875 pusse.
982 2770 985 2777 ’

237 2898 310 2955 284.
335 2897 358 2955 B
370 2901 456 2954 rats
466 2913 482 2953 c
492 2892 541 2952 hu
554 2891 648 2952 eide
659 2913 692 2968 r,
719 2896 781 2951 Der
791 2895 953 2968 iii-eyierr
962 2908 1025 2950 von
1037 2891 1242 2967 saudauma

135 3004 186 3060 die
201 3004 367 3076 yemiaclue
383 3003 461 3060 Ede.
483 3003 566 3059 Eine
585 2999 769 3058 Geeclticlece
783 3015 918 3056 renueret·
933 3000 1022 3070 Tace.
1042 3000 1144 3056 Helie.
1163 2994 1240 3055 18³9.

136 3123 282 3182 magnum
310 3105 372 3164 sibi
398 3103 459 3164 huc
481 3101 612 3181 libello,
643 3103 726 3160 intra
752 3102 844 3161 unius
871 3101 944 3160 anni
966 3099 1132 3175 defluxum
1157 3103 1242 3179 quater

84 3206 88 3215 '
137 3207 242 3284 edito,
271 3207 356 3288 apud
379 3207 494 3269 multus
517 3228 630 3268 nomeu
654 3207 847 3286 comparavit
869 3207 999 3291 Auctur.
1028 3211 1153 3284 Scopam
1180 3205 1240 3266 erat:

136 3312 291 3374 iudicium
314 3315 382 3374 siue
405 3312 540 3392 partium
564 3312 670 3374 studio
693 3311 817 3373 ferendi
841 3310 881 3372 de
903 3312 1051 3371 universa
1075 3310 1191 3395 agendi
1208 3325 1238 3368 ra·

137 3418 365 3499 tione‚,q11am
388 3418 486 3480 Sedes
510 3421 651 3481 ilomana
679 3415 780 3505 relate
803 3416 844 3479 ad
868 3417 1031 3478 Gubernia
1054 3411 1242 3478 Protestanti·

136 3545 173 3586 ea
194 3499 228 3585 ln
250 3545 284 3586 re
307 3508 473 3586 mixtarum
497 3525 676 3606 nuptiarum
700 3530 863 3598 tenuerat;
895 3542 990 3603 porro
1015 3520 1242 3583 controversiam

137 3630 367 3711 componendi,
391 3630 577 3693 catholicos
600 3630 641 3692 ad
664 3631 811 3712 unionem
832 3650 904 3690 cum
925 3629 1190 3690 Prutestautlbus
1209 3640 1243 3684 er·

137 3736 276 3815 citandi,
297 3735 375 3797 illos
399 3737 545 3816 demum,
577 3737 631 3817 qui
660 3739 693 3798 in
722 3736 829 3796 mixtis
852 3734 1037 3802 connubiis¹
1056 3735 1185 3812 vivunt,
1210 3730 1245 3790 eui
1284 3708 1286 3777 l

137 3838 215 3902 talia
244 3843 347 3920 prImo
376 3843 457 3905 inire
479 3841 610 3918 velunt,
642 3840 681 3903 de
712 3842 865 3923 gravitate
896 3857 1012 3921 passus
1044 3839 1097 3901 sui
1128 3840 1244 3900 attentet

135 3942 310 4024 reddendi,
341 3946 497 4031 simulque
524 3948 681 4030 principia
713 3968 748 4010 ea
771 3938 965 4028 suggerendi
996 3965 1034 4007 ac
1067 3937 1244 4024 explicandi,
1279 3977 1282 3985 ·

136 4049 224 4111 iuxta
246 4071 326 4131 quae
356 4054 446 4117 unice
474 4055 597 4137 sperari
626 4055 731 4135 possit
758 4053 866 4117 futura
888 4053 973 4115 iuter
1005 4052 1162 4134 coniuges
1188 4042 1244 4109 rell·

140 4171 386 4192 ⁸*-

209 4239 275 4306 800)
293 4245 446 4297 liecensiu:
473 4247 649 4310 Richter,
668 4248 727 4298 ierit.
746 4246 912 4297 Jaurbucuer
929 4245 977 4302 seir
1003 4247 1129 4296 decuere
1153 4240 1240 4293 neue

175 4337 361 4397 wirsensciast.
382 4335 471 4388 1838.
490 4353 516 4395 u.
536 4335 605 4388 947.
