2798 4838
578 293 806 364 ..535-

132 446 184 508 nis
206 442 368 524 Regimlnl
390 439 568 502 transmisit
589 438 674 501 idem
697 438 832 500 doctiss.
863 437 1005 501 dntlstes
1034 458 1199 501 recursans
1222 437 1265 502 ad

131 552 251 614 Sedem
274 546 515 631 Apostolicam:
547 522 580 605 ln
612 565 712 627 eoqrre
742 544 887 621 exposito
919 553 1143 606 controversae
1167 565 1264 626 quae-

131 659 250 720 stionis
274 662 379 732 statu,
408 670 548 714 normam
572 670 609 713 ac
631 645 774 730 segidam
796 648 836 710 ab
859 648 981 712 Eadem
1003 647 1053 711 vel
1075 670 1135 730 pro
1157 652 1264 713 culus-

133 785 197 845 que
222 764 415 825 liloeceseos
439 758 596 838 exigentia
619 753 836 836 singularem,
865 752 917 817 vel
944 752 1095 820 latiorem
1118 776 1176 837 pro
1198 763 1265 818 ter-

131 872 180 935 ris
203 869 354 930 niustriae
374 863 600 927 haereditariis
624 861 677 924 edl
699 859 889 942 suppliciter
910 861 1015 940 petiit.
1037 857 1117 933 ¹¹²¹)

623 987 659 1083 §-
685 990 775 1063 eor.

133 1134 290 1193 modom
308 1133 400 1189 nelo
419 1130 534 1187 ducti
552 1134 596 1187 et
619 1128 695 1186 alli
717 1129 989 1187 nonus-chloe
1015 1126 1267 1188 Amutrium

133 1223 350 1299 Episcopi,
377 1221 598 1296 principiis
624 1220 837 1280 Ecclesiae
860 1219 1103 1280 unior-mes
1131 1220 1266 1279 Euro·

134 1317 383 1399 tinniebant
410 1314 718 1374 instructiones
750 1315 800 1373 trs
832 1314 1004 1384 nogotio
1033 1313 1267 1373 mixtam

640 1411 766 1463 matr.

240 1525 427 1607 Exemplum
451 1524 636 1588 Praesulum
668 1524 821 1587 lractenus
852 1524 1054 1587 laudatorum
1087 1532 1119 1586 et
1140 1531 1267 1585 ceteros

104 1630 108 1637 ’
136 1632 346 1697 Monarchiae
370 1634 556 1694 Austriacae
578 1634 748 1694 Antistltes
771 1640 923 1712 separatus
947 1650 1038 1708 esse,
1061 1637 1093 1692 et
1108 1629 1267 1693 Parocbis

134 1759 265 1803 suarum
289 1740 490 1801 lilueceslunr
523 1739 692 1798 inmerito
716 1739 944 1799 connubiorum
976 1738 1146 1798 mistorum
1175 1736 1266 1815 prin-

135 1846 230 1925 clpiis
252 1842 419 1907 Ecclesiae
450 1863 508 1927 per
529 1842 644 1905 Sedem
668 1843 885 1924 Apostollcam
918 1842 1094 1904 solenniter
1122 1839 1267 1903 declara·

88 1998 99 2009 ,
134 1953 178 2013 tis
201 1949 381 2012 conformes
405 1951 634 2011 instructiones
657 1950 838 2029 impertitos
867 1969 958 2025 esse,
990 1968 1052 2009 noo
1083 1953 1133 2009 est
1164 1948 1265 2008 ambl-

136 2056 364 2136 geniumne
395 2055 653 2136 AEplscopo
687 2053 1023 2134 salisburgensi
1056 2055 1265 2134 l'rlnclps

135 2160 572 2242 aScbrrarsenberg,
604 2162 680 2222 item
712 2162 928 2242 Episcopo
957 2160 1202 2222 Brunuensl
1231 2160 1265 2221 ln

134 2268 280 2329 Moravla
303 2269 543 2329 Franclsco
567 2265 720 2345 (lindi,
744 2277 776 2328 et
799 2254 1022 2348 Episcopo
1045 2266 1078 2327 S.
1103 2266 1264 2346 llippo-

137 2371 223 2452 lyti
253 2372 379 2436 Micb.
410 2375 575 2436 loanne
603 2374 785 2453 Wagner
826 2379 913 2434 certo
944 2380 1089 2434 consiste
1128 2391 1185 2434 eos
1224 2370 1265 2433 dc
1299 2408 1302 2413 ·

138 2478 317 2542 sufferenda
340 2480 429 2556 praxi
452 2479 730 2541 indiscriminatim
762 2478 972 2539 benedicendi
995 2479 1144 2557 coniugia
1168 2479 1266 2538 mlxta
1290 2479 1293 2483 ’

135 2582 296 2647 sollicitos
328 2604 400 2646 mox
428 2592 503 2664 post
534 2593 679 2647 eventurn
707 2583 932 2645 coloniensem
964 2603 1105 2662 congrua
1141 2583 1205 2644 boc
1233 2583 1266 2643 in

134 2693 251 2752 merito
275 2692 381 2771 egisse
402 2687 491 2764 ¹¹²²).
524 2690 696 2772 Speclatlm
726 2709 800 2749 vero
829 2706 1133 2750 commemoramnst
1166 2689 1266 2749 Prae·

135 2793 238 2861 sulem
263 2802 296 2858 S.
317 2802 565 2877 Hippolytnnum
593 2814 653 2877 ope
676 2788 839 2857 Recursus
863 2794 918 2855 dd.
943 2800 971 2856 7.
989 2796 1085 2857 Febr.
1107 2799 1200 2856 1839.
1224 2791 1265 2854 ad

134 2902 292 2982 Regimen
316 2903 429 2982 Super.
455 2904 603 2966 Austriae
633 2903 774 2979 porrecti
797 2899 957 2962 indultum
979 2902 1136 2982 petiisse,
1167 2906 1202 2960 nt
1231 2917 1267 2960 se

135 3028 196 3087 pro
229 3008 411 3070 obtinendis
442 3009 546 3089 qrroad
578 3014 670 3071 matr.
693 3008 790 3069 mixte
822 3010 1012 3088 opportunis
1044 3004 1267 3070 Facultatlbns

135 3112 179 3174 ad
202 3113 317 3176 Sedem
340 3113 561 3196 Apostollcam
584 3122 767 3176 convertere
799 3116 904 3197 possit
927 3111 1026 3192 ¹¹²³),
1057 3115 1180 3175 luteres
1210 3131 1268 3175 au·

134 3226 201 3280 tem
225 3220 388 3283 Parocbos
420 3242 497 3284 snos
521 3241 590 3283 eum
621 3222 654 3282 in
677 3219 804 3282 mudum
835 3220 993 3297 inclamo,
1026 3226 1061 3281 ut
1092 3217 1269 3300 quremllbet

135 3343 247 3385 casnm
270 3329 420 3388 connubii
443 3329 532 3390 minti
556 3327 672 3390 debinc
694 3325 732 3388 ad
758 3325 998 3388 Ordinarlatnm
1020 3346 1080 3406 pro
1103 3324 1268 3387 decisione
1382 3354 1384 3361 ·

135 3428 299 3511 referant,
331 3449 388 3491 nec
419 3431 607 3508 admisisse,
640 3442 676 3494 ut
704 3435 894 3495 connubium
924 3431 990 3494 tale
1013 3433 1082 3493 sine
1112 3432 1268 3511 praestita

138 3536 287 3597 cautione
319 3534 360 3596 de
383 3536 544 3598 catholica
575 3536 717 3617 prolium
749 3539 915 3618 utriusque
938 3556 1034 3599 sexus
1065 3533 1268 3615 educatione,

136 3643 203 3703 rltn
226 3640 324 3703 sollto
347 3641 565 3704 benedicatur.
586 3638 662 3715 112Ιὲ)
764 3712 766 3716 ,

140 3765 390 3781 *n—-o

209 3812 293 3879 1121)
312 3816 403 3866 blan.
422 3815 482 3866 ²401.
502 3828 565 3880 pag.
584 3814 646 3864 798.
665 3840 701 3850 -·
720 3813 796 3877 Quae
815 3815 849 3864 de
867 3816 1052 3864 controversia
1078 3814 1207 3863 [sincensi
1225 3827 1269 3863 rc-

173 3907 304 3973 tulimus,
323 3924 356 3959 ex
383 3909 461 3957 Actis
481 3922 529 3969 per
556 3904 662 3955 lllmum
686 3920 717 3954 sc
735 3907 831 3956 limam
849 3904 1006 3957 Prsesulem
1025 3907 1166 3956 uobiscum
1184 3909 1268 3957 bene-

172 3998 237 4052 vole
257 4001 459 4050 communicatis
479 4000 639 4061 accepimus.
1057 3995 1060 4001 '

209 4088 294 4154 1122)
314 4092 368 4141 Vid
387 4092 557 4141 Kutbolisclre
576 4090 807 4150 Ktrcneusettaan.
832 4086 989 4150 Fronlrfurt.
1012 4086 1102 4142 isse.
1120 4104 1146 4147 n.
1165 4085 1232 4138 ³10.

210 4179 295 4245 1123)
313 4181 407 4234 Mon.
428 4183 491 4236 102.
509 4198 571 4250 pag.
591 4182 652 4235 802.

210 4270 295 4336 1124)
320 4277 393 4327 llaec
417 4282 543 4327 constent
567 4291 600 4327 ex
627 4275 757 4342 grstlosis
785 4273 872 4355 literis
899 4277 932 4323 sb
950 4275 1010 4336 ipso
1034 4270 1111 4323 tllmo
1136 4268 1269 4323 Praesale

173 4369 209 4416 sd
227 4380 277 4418 nos
297 4368 375 4420 datis.

604 4432 817 4448 m
