2798 4838
138 387 250 433 corum
271 365 502 431 recentioribus
526 361 565 426 de
583 364 804 428 benedictione
819 366 1001 445 nuptiarum
1019 366 1188 429 mixtarum
1201 385 1247 447 pro

138 472 344 537 fundamento
365 471 556 535 deserviisse
583 478 616 533 et
631 471 831 553 Capitularia
848 474 973 553 Regum
989 474 1206 549 Francorum,
1224 457 1251 533 in

137 582 253 661 quibus
274 580 406 666 nuptiae
427 576 573 640 benedici
596 578 766 657 iubentur,
789 584 962 659 etpmorem
982 579 1016 640 in
1040 576 1188 642 Ecclesia
1202 579 1251 641 ca-

137 685 259 749 tholica
280 686 435 748 usitatum
456 683 666 746 benedicendi
688 685 854 764 coniugia3
876 685 999 765 praxim
1024 670 1186 747 antemio
1203 685 1251 746 dc-

139 789 238 854 clesia
256 789 431 854 ¹catholica
451 789 504 851 lric
525 787 595 851 illic
610 790 764 851 invectam
783 791 852 852 sine
872 790 1058 853 discrimine
1076 789 1252 854 benedicen-

139 895 174 960 di
202 898 331 978 nuptias
363 898 498 975 mixtas,
535 895 610 957 inde
648 896 860 976 profluxisse,
902 895 986 977 quod
1034 897 1253 957 existimaretur

64 992 68 1001 ’
138 1001 320 1066 Ecclesiam
343 997 542 1066 catholicam
564 1019 602 1062 cx
623 1003 791 1063 connubiis
821 1003 946 1081 mixtis,
973 1002 1007 1064 iu
1039 1003 1158 1082 quibus
1179 1006 1254 1080 pater
1294 1012 1297 1079 j

39 1097 43 1101 ⁴
139 1115 190 1172 est
211 1107 410 1187 catholicus,
432 1106 565 1169 multum
587 1103 667 1168 lucri
690 1127 825 1188 sapere,
854 1108 978 1186 hocque
1007 1095 1082 1188 ipso
1105 1105 1260 1187 indulgere.
1295 1116 1297 1191 j

139 1234 259 1296 posse,
287 1219 324 1276 ut
351 1220 441 1277 matr.
464 1213 561 1275 mixta
597 1214 693 1276 etlam
723 1214 793 1275 sine
814 1213 997 1275 conditione
1027 1213 1253 1275 benedicantur.

139 1321 172 1394 c>
196 1320 332 1382 Causam
355 1320 444 1396 eius,
467 1318 552 1398 quod
565 1320 605 1381 ab
622 1320 713 1381 auuit
732 1321 861 1381 circiter
872 1320 1105 1400 qrriuquaginta
1122 1319 1155 1380 tn
1167 1319 1253 1379 omni·

139 1426 200 1488 bus
221 1424 433 1505 iereRegnis
454 1425 562 1504 pranis
586 1426 762 1487 obtinuerit
782 1425 993 1487 benedicendi
1026 1425 1127 1487 mixta
1157 1425 1255 1505 conju·

139 1529 212 1612 gia,
234 1531 364 1610 reponit
383 1532 487 1611 primo
511 1531 544 1593 in
566 1531 639 1611 ipsa
663 1531 786 1610 origine
808 1529 890 1612 legis
913 1528 1037 1609 civilis,
1067 1531 1153 1592 hauc
1173 1532 1256 1592 bene·

140 1635 314 1699 dictionem
335 1635 484 1700 adbiberi
505 1637 748 1718 praecipientis,
771 1656 842 1699 cum
864 1635 916 1698 lex
937 1636 1001 1698 ista
1018 1657 1083 1699 nou
1101 1636 1200 1698 fuerit
1217 1635 1256 1696 ri·
1278 1704 1280 1713 Ι

139 1742 169 1805 sl
199 1744 341 1807 extensio
370 1742 546 1805 sanctionis
575 1744 703 1823 praevie
732 1745 795 1804 iam
825 1760 885 1823 pro
914 1741 1130 1805 confessione
1159 1742 1256 1803 Prote·

137 1847 275 1911 stantica
296 1846 399 1925 latae3
430 1847 503 1909 dein
526 1849 560 1910 iu
585 1849 682 1928 genio
714 1850 868 1928 temporis
887 1847 940 1909 'ad
968 1847 1255 1910 indifferentismun

138 1950 326 2033 religiosum
353 1954 551 2036 pronissimi.
579 1954 616 2028 d)
648 1953 840 2033 Perstriugit
868 1958 1054 2033 argumenta
1084 1972 1145 2033 pro
1175 1952 1256 2013 bene

139 2043 281 2121 dictione
302 2060 471 2123 mixtorum
495 2065 587 2123 matr.
609 2058 748 2140 proferri
770 2056 877 2121 solita.
909 2063 941 2132 e)
954 2059 1125 2149 vProponit
1146 2055 1256 2119 modum

139 2165 332 2228 econflictu
351 2164 501 2226 exeundir
525 2166 559 2237 c)
583 2164 752 2227 refutando
778 2166 960 2245 opinionam
976 2163 1127 2242 illorum,
1150 2161 1255 2245 quiSa·

139 2270 303 2333 cerdotsm
326 2269 529 2333 Catholicum
550 2269 618 2353 legi
646 2268 732 2333 civili
761 2270 1018 2333 benedictionem
1048 2270 1173 2331 iubenti
1201 2272 1255 2330 tuto

141 2367 328 2440 satisfacere
350 2395 447 2456 posse
480 2377 680 2455 existimant,
705 2375 805 2438 modo
837 2375 976 2440 iormul'a
998 2377 1147 2439 terminis
1172 2391 1254 2454 ‚gene

139 2478 263 2545 ralibus
285 2501 303 2542 c
325 2487 481 2562 conceptu
503 2481 743 2543 Christianismi
767 2480 942 2561 desumtis,
975 2489 1008 2544 et
1023 2483 1139 2562 magis
1169 2499 1254 2543 suora-

139 2583 227 2650 libns
241 2607 334 2667 quarn
359 2586 549 2666 dogmaticis
572 2590 758 2649 concinnata
778 2585 933 2666 eligatur:
956 2588 1140 2651 curiusmodi
1155 2589 1254 2650 formu

141 2690 207 2757 lam
229 2712 287 2756 noc
308 2691 375 2773 legi
398 2691 507 2770 cirili,
530 2713 588 2754 nec
610 2698 684 2754 roto
708 2712 898 2772 pousorum
909 2694 1152 2757 satisfacturam
1166 2695 1254 2772 ,insu

139 2810 200 2878 per
219 2798 316 2861 statui
337 2818 373 2861 ac
395 2799 517 2861 muneri
537 2779 736 2860 Sacerdotali
758 2800 883 2860 uoniam
904 2798 974 2860 iore
989 2806 1118 2875 monet;
1140 2803 1172 2881 β)
1190 2799 1255 2859 bunc

135 2901 271 2965 modum
295 2902 524 2985 projectaudo:
548 2910 583 2964 ut
604 2904 755 2966 Potestas
779 2903 912 2983 Civilis,
943 2905 1030 2983 quod
1052 2913 1108 2968 est
1136 2906 1177 2969 ad
1196 2901 1256 2966 rell

142 3009 264 3087 giosam
294 3016 388 3072 matr.
417 3011 586 3072 mixtorum
618 3012 915 3090 pertractationem,
946 3009 1050 3073 libero
1076 3013 1257 3094 Sponsoruu

142 3114 277 3175 arbitrio
299 3113 482 3194 relinquat,
513 3135 548 3176 se
578 3113 619 3176 ad
649 3115 745 3178 huius
776 3123 832 3178 aut
859 3114 950 3178 illius
980 3111 1153 3198 ¹religionis
1181 3116 1257 3180 ruini·

143 3223 244 3278 strum
267 3220 492 3299 convertendi,
515 3222 569 3299 quui
593 3220 666 3282 dein
689 3221 886 3301 Sponsorun'u
910 3221 1074 3285 desiderio
1107 3243 1144 3286 ea
1167 3221 1257 3284 ruodr-

13 3414 15 3418 λ
132 3318 256 3401 ’·1ἱιιιῒι,
288 3344 381 3404 quam
404 3327 573 3388 ministerii
605 3327 656 3388 sui
677 3330 760 3389 ratio
792 3334 824 3389 et
845 3327 1025 3408 Superioris
1048 3324 1257 3393 Ecclesiastisi

142 3423 315 3505 dispositio
337 3434 540 3513 poposcerit,
571 3451 785 3513 responsurus
809 3434 862 3494 sit.
884 3433 916 3507 i)
948 3435 982 3495 lu
1012 3437 1123 3516 specie
1153 3454 1208 3516 pro
1224 3429 1255 3495 tl·

141 3531 174 3594 lo
195 3554 291 3614 casu,
321 3555 384 3616 quo
406 3539 519 3620 sponsi
551 3537 591 3600 de
621 3536 765 3618 prolibus
802 3539 868 3600 suis
908 3538 1067 3602 catholice
1102 3536 1255 3603 educandis

143 3640 229 3703 inter
250 3661 285 3703 se
307 3644 516 3722 conveniunt,
548 3642 692 3706 taliterve
715 3645 812 3705 mixto
843 3664 900 3706 suo
930 3648 1081 3727 coniugio
1113 3649 1253 3709 charaeta

56 3785 59 3790 -
144 3765 212 3825 rem
234 3747 427 3810 catholicum
449 3747 641 3828 conciliant,
663 3751 899 3815 matrimonium
922 3750 1049 3832 quidem
1074 3751 1252 3815 adhucrulr·

145 3860 213 3919 tum
233 3816 422 3933 persistere,
446 3851 612 3934 labemque
634 3853 882 3936 irregularitatis
903 3856 1125 3938 praeseferre,
1146 3856 1251 3921 sedta

145 3975 218 4023 men
240 3956 386 4021 benedici
406 3961 471 4023 ritu
493 3959 589 4022 solito
612 3979 707 4041 posse
730 3966 855 4036 censet3
879 3968 913 4024 at
927 3964 960 4024 in
978 3982 1076 4044 casu,
1100 3979 1161 4046 quo
1174 3979 1250 4043 spot·

145 4063 174 4122 si
195 4059 304 4143 proles
327 4084 401 4127 suas
422 4063 473 4127 rel
495 4086 605 4129 omues
626 4064 676 4127 vel
699 4068 794 4129 etiam
810 4074 932 4147 partem
942 4069 1125 4146 earumdem
1145 4068 1249 4131 ludou-

140 4166 285 4232 iessione
307 4170 544 4234 Protestantica
567 4171 749 4235 educandas
771 4170 898 4254 praevie
921 4136 1119 4257 doccrbunt,
1139 4169 1246 4239 benedt·

142 4276 279 4377 ctionem
303 4274 511 4340 omittendam
532 4280 664 4359 statuit,
686 4276 720 4341 id
742 4279 892 4343 maiorem
923 4281 958 4343 in
987 4283 1119 4347 modum
1138 4275 1245 4362 ingent-
