2798 4838
581 290 632 304 -
659 240 737 321 iso,
759 283 810 300 -

133 392 261 458 dentiae
283 391 482 473 occasionem
503 392 651 474 praebuit
670 388 753 469 ³¹⁹);
776 391 866 454 cuius
887 388 1075 456 resultatum
1106 390 1172 455 luit
1192 391 1250 458 de·

45 558 51 566 .
133 509 255 564 cretum
276 498 452 580 Regimlnis
476 496 530 559 dd.
553 500 605 560 24.
628 488 760 561 Octobr.
785 496 931 560 181111
954 499 1147 560 enuncians:
1178 517 1249 580 quc-

132 604 234 669 relam
254 605 294 668 de
314 606 499 668 intermissa
519 622 579 682 per
599 604 773 683 parochum
789 601 981 666 catholicum
997 602 1248 685 promulgatione

133 718 166 774 et
187 709 411 791 copulatione,
432 716 639 790 posteaquam
661 713 796 790 utraque
828 710 1014 773 aministro
1043 710 1247 792 protestanti-

132 837 171 880 co
193 818 353 898 euhoeque
373 814 520 877 instituta
542 820 628 894 erat,
651 833 776 877 cessare
799 814 945 894 quidem:
974 815 1008 877 ln
1037 815 1184 879 futurum
1203 822 1246 878 ta·

131 941 225 1002 men,
247 921 350 984 donec
371 920 456 982 circa
479 921 696 1000 quaestionem
718 921 798 983 hanc
820 920 919 983 altior
941 920 1064 984 decisio
1088 927 1199 984 secuta
1218 927 1245 983 et

131 1025 292 1110 generalis
322 1027 487 1108 quaepiam
517 1045 627 1088 norma
655 1027 828 1089 constituta
856 1026 976 1105 fuerit,
1007 1012 1244 1108 Magistrotihur
1276 1094 1279 1099 ,

132 1131 276 1196 locorum
296 1133 496 1210 incumbere,
523 1138 560 1194 ut
588 1137 680 1211 parte
710 1151 747 1194 ex
774 1151 831 1194 sua
858 1130 905 1193 nil
925 1131 1159 1214 intermittant,
1189 1149 1243 1212 qus

132 1238 298 1302 Paroohos
322 1236 508 1299 Catholicos
539 1235 686 1299 adminus
717 1237 757 1299 ad
785 1235 1053 1318 proclamationes
1082 1237 1244 1300 instituen-

133 1329 194 1407 das
215 1349 248 1405 et
266 1342 377 1406 literas
400 1341 634 1406 dimissoriales
656 1342 867 1405 extradandas
899 1342 1094 1424 disponaut;
1127 1361 1244 1405 excors·

132 1449 338 1512 manicationi
355 1456 471 1515 ,autem
501 1450 602 1530 partis
625 1446 802 1511 catholicae
831 1447 937 1511 locum
968 1448 1039 1510 dari
1068 1446 1244 1511 nullatenus

131 1574 247 1639 posse,
276 1555 341 1616 imo
363 1557 403 1616 ah
425 1555 589 1636 Episcopo
611 1555 797 1634 Assgustano
830 1555 1027 1634 exspectari,
1060 1553 1149 1635 quod
1180 1572 1246 1617 ses-

130 1662 261 1723 tentlam
283 1661 365 1723 hanc
384 1650 495 1740 partis
525 1659 700 1721 catholicae
729 1662 938 1740 gravatoriam
961 1679 1034 1724 mox
1061 1664 1245 1722 retractato·
1283 1688 1288 1713 ι

98 1847 101 1853 7
129 1747 205 1845 rus,
228 1767 335 1846 sicque
358 1771 391 1827 ct
410 1767 510 1847 partie
535 1765 712 1827 catholicae
742 1764 949 1827 ulterioribus
973 1763 1114 1846 querelis
1145 1772 1245 1827 anun
1278 1764 1288 1819 '.

130 1869 375 1954 praeclusurus,
398 1878 430 1932 et
450 1872 625 1933 anxietates
636 1872 885 1933 Protestantium
909 1870 1092 1932 sublaturus
1116 1870 1171 1932 sit.
1188 1865 1243 1942 ⁸‘⁰)

232 1977 313 2039 Cum
335 1982 440 2037 autem
462 1977 685 2058 Ordinariatus
714 1996 776 2037 non
806 1978 1004 2039 obstantibus
1033 1976 1164 2037 iteratis
1186 1974 1242 2038 Re·
1275 1958 1288 2081 Ἰ

131 2082 261 2164 giminis
292 2082 447 2159 decretis,
478 2082 594 2142 Sacros
617 2083 773 2142 Curiones
806 2081 847 2143 ad
878 2080 1056 2162 sequendas
1087 2079 1243 2143 Ecclesiae
1260 2080 1288 2183 Ἰ

103 2233 105 2236 >
132 2189 310 2251 sanctiones
342 2186 499 2247 exhortati
525 2187 681 2260 fuissent,
714 2188 798 2247 etin
819 2188 924 2268 specie
947 2169 1243 2268 Arcbiepiscs'e·
1261 2188 1288 2259 ,ξ

131 2312 206 2375 pus
229 2292 734 2370 Musiaco-Frisingensis
757 2292 811 2354 dd.
835 2297 886 2353 30.
908 2291 1119 2372 April.1830.
1143 2289 1241 2353 matri·

131 2400 236 2460 monta
258 2398 374 2474 mixta,
396 2398 429 2458 ln
451 2398 566 2476 quihus
589 2398 726 2457 omnium
753 2397 890 2477 prolium
924 2397 1070 2459 educatio
1094 2395 1242 2459 catholiea
1277 2446 1288 2473 .,,

87 2514 89 2518 “
132 2523 194 2584 ope
216 2504 393 2565 Certificati
414 2504 453 2564 ab
477 2508 608 2580 utroque
631 2502 828 2582 Sponsorum
852 2505 1026 2581 subscripti
1055 2503 1089 2564 in
1113 2508 1182 2564 tuto
1202 2498 1242 2561 lo
1283 2560 1288 2575 ,

132 2616 202 2671 cata
223 2628 286 2670 non
316 2616 421 2686 esset,
453 2607 597 2689 copulari
627 2615 682 2669 aut
712 2609 806 2669 etiam
837 2607 1031 2688 promulgari
1061 2607 1113 2669 vel
1141 2607 1243 2669 literas
1283 2662 1288 2673 .

131 2712 362 2777 dimissoriales
386 2714 455 2775 dari
479 2714 633 2775 Parochis
656 2715 889 2796 prohibuisset:
920 2734 957 2775 ex
977 2720 1068 2795 parte
1092 2711 1244 2776 Guberoti

132 2822 227 2902 Regii
248 2823 462 2882 necessarium
494 2819 705 2881 existimatum
735 2819 819 2898 fuit,
854 2839 914 2899 ope
944 2820 1018 2880 novi
1047 2818 1171 2881 decreti
1199 2815 1245 2880 dd.

133 2933 183 2989 16.
205 2927 291 2987 Junii
316 2930 407 2987 1830.
430 2927 532 3005 primo
558 2925 685 3006 quidem
712 2924 754 2985 ad
776 2925 940 2986 Parochos
964 2909 1118 2987 duntalat
1139 2922 1248 2987 Archi-

132 3029 318 3093 dioeceseos
337 3031 560 3109 Monacensis,
585 3030 657 3091 dein
680 3029 720 3091 ad
743 3028 885 3111 reliquos
911 3031 1005 3092 etiam
1028 3030 1175 3110 dimissi,
1195 3029 1249 3090 iis·

133 3135 205 3198 dem
227 3137 392 3198 intimare:
416 3135 457 3196 ad
479 3142 586 3217 partes
608 3135 746 3198 muneris
768 3137 980 3216 parochorum
1002 3135 1036 3197 id
1060 3134 1165 3198 solum
1181 3153 1250 3215 pcr-

131 3242 246 3319 tinere,
269 3246 315 3319 ut,
332 3241 361 3301 si
384 3247 476 3320 pacta
492 3247 523 3302 et
545 3241 728 3303 contractus
751 3244 835 3303 circa
853 3240 1092 3322 religionariam
1114 3239 1252 3323 prolium

134 3345 351 3408 educationem
367 3365 425 3426 per
444 3348 594 3427 coniuges
613 3349 684 3409 initi
703 3347 829 3427 forent,
852 3349 912 3409 hos
930 3354 1002 3409 ante
1020 3345 1252 3428 copulationem

45 3508 48 3515 ,
132 3452 195 3515 sihi
215 3471 274 3534 pro
297 3451 495 3532 inspectione
519 3461 550 3514 et
570 3455 767 3533 repositione
798 3453 840 3516 ad
869 3461 940 3515 acta
973 3451 1173 3535 parocbialla
1203 3471 1252 3513 ex-

132 3557 237 3621 hiheri
259 3564 387 3635 curent:
409 3559 539 3621 minime
560 3579 635 3621 vero
657 3558 756 3622 licere
784 3558 921 3639 iisdem,
944 3580 962 3622 a
984 3558 1114 3643 sponsis
1146 3563 1253 3640 prote·

200 3851 267 3917 ate)
291 3859 325 3908 ci.
352 3858 448 3921 Stapi,
474 3856 660 3919 coturunotccr
685 3859 954 3908 Pustorolamterrs'oht
978 3857 1043 3906 ather
1068 3857 1112 3906 ds'c
1130 3857 1200 3907 lite.
1225 3851 1254 3907 6.

39 3957 53 3982 ·
165 3950 233 4013 Auli.
252 3949 407 4009 Fronhsurt.
426 3948 515 4002 1838.
536 3965 562 4008 p,
581 3946 742 4000 198-201.

118 4013 129 4042 ²
198 4035 267 4102 820)
286 4041 376 4090 Mau.
396 4041 456 4092 181.
475 4056 537 4108 pag.
557 4041 618 4092 157.
633 4067 669 4080 ·-
682 4043 717 4092 ci.
734 4035 897 4101 Athemcs'oe
914 4040 1148 4100 Ks'rchcuzes'tussp.
1166 4034 1255 4090 1827.

165 4145 191 4190 p.
209 4127 282 4183 ³64.
300 4134 358 4182 Dr.
388 4130 532 4182 Paulus
551 4133 578 4182 in
606 4132 691 4195 sripto
710 4147 760 4182 suo
779 4134 934 4198 periodica:
954 4133 1146 4190 Sophronisco.
1166 4127 1255 4182 182⁷.

164 4235 191 4281 o.
209 4218 260 4274 26.
277 4222 307 4284 ff.
325 4225 470 4275 Decretum
488 4225 539 4274 hoc
557 4224 706 4291 Regiminis
732 4223 822 4276 multis
842 4222 945 4279 extollit
963 4216 1105 4288 laudibus,
1125 4223 1205 4288 qussi
1224 4235 1256 4275 co

165 4314 387 4377 usurpationibus
406 4313 478 4368 cleri
497 4317 591 4367 medos
610 4322 733 4379 ponatur.
