2798 4838
578 224 887 320 -aaa-'

127 394 300 476 brugensis
321 381 537 456 necessarlum
553 391 670 475 duxit,
691 411 772 455 nova
789 390 1006 475 declaratione
1028 393 1070 456 de
1088 399 1141 458 25.
1157 395 1248 461 Mart

48 558 59 572 ,
132 505 224 565 1839.
246 505 383 563 mentem
404 518 495 561 suam
517 499 644 561 uberius
666 498 802 580 aperire.
823 499 857 560 ln
880 517 917 560 ea
931 501 1084 580 parochis
1102 501 1143 564 ad
1160 523 1250 583 prae·

130 603 298 670 cidondam
319 624 443 668 omnem
465 623 573 666 ansam
594 605 809 666 criminationi
832 610 864 666 et
885 603 1045 687 malignae
1076 608 1253 689 interprae-

128 713 393 792 tatloui,=vocem
415 713 594 773 haereticus
614 708 654 771 de
676 711 934 773 Protestantibus
956 710 1106 774 adhiberi
1142 713 1261 795 prohi-

130 814 227 896 hult,
242 837 280 882 ac
301 837 360 900 per
381 816 526 898 superius
554 812 714 878 laudatam
742 813 973 879 resolutionem
1000 836 1093 882 suam
1123 817 1167 881 de
1189 817 1261 881 lae-

130 922 235 986 dendo
258 920 516 987 Acatholicorum
537 921 658 983 honore
679 941 717 983 ac
738 920 822 984 fama
844 941 884 984 ne
906 923 1082 1003 cogitatum
1104 923 1264 1005 qrridem,

130 1028 188 1093 sed
208 1029 245 1091 id
266 1026 369 1091 solum
390 1029 424 1090 iu
444 1029 613 1110 proposito
635 1026 737 1090 fouisse
759 1026 919 1110 ostendit,
942 1034 977 1090 ut
1005 1027 1058 1092 lex
1090 1029 1260 1094 Ecclesiae

131 1133 318 1197 Catholicae
339 1135 372 1196 in
394 1135 578 1196 memoriam
592 1137 784 1210 revocetur,
806 1154 825 1195 a
856 1133 1004 1214 parochis
1034 1135 1261 1211 observandas

130 1256 230 1320 porro
255 1240 411 1320 coniuges
429 1237 626 1316 catholicos,
648 1237 687 1299 de
710 1239 825 1319 quibus
847 1260 866 1301 a
888 1241 1167 1304 Sacramentorum
1184 1262 1257 1322 par-

131 1346 319 1427 ticipatione
347 1345 493 1408 arcendis
531 1343 599 1407 illic
633 1363 738 1406 sermo
770 1350 839 1420 cst,
878 1365 941 1406 non
972 1365 1041 1408 cum
1082 1347 1253 1411 infamibus

132 1442 359 1532 comparatos,
374 1450 432 1514 sed
453 1456 574 1513 tantum
596 1451 658 1511 hoc
687 1450 917 1531 praescriptum
940 1450 1072 1529 'irrisae,
1096 1459 1133 1514 nt
1154 1451 1249 1530 tales,

131 1556 187 1636 qui
209 1541 352 1620 officium
375 1577 468 1620 suum
486 1555 675 1637 religiosum
697 1557 786 1618 inre
817 1557 1003 1636 gravissima
1022 1555 1180 1620 violantes
1197 1579 1246 1638 po·

132 1661 252 1726 hlicum
266 1666 422 1744 praebent
437 1660 640 1740 scandalum,
658 1659 787 1742 taleque
801 1683 860 1725 neo
879 1669 954 1745 post
968 1664 1181 1725 monitionem
1197 1662 1244 1724 tol-

132 1766 200 1831 lere
216 1768 348 1847 solunt,
373 1767 460 1832 velut
480 1768 602 1848 indigni
626 1775 658 1830 et
680 1767 852 1847 depravato
885 1771 990 1835 animo
1011 1767 1064 1830 ad
1094 1769 1241 1830 sanctissi-

136 1894 187 1935 ma
202 1873 376 1955 religionis
399 1876 551 1957 mysteria
573 1892 644 1936 cum
666 1875 783 1936 ceteris
805 1872 974 1938 catholicis
990 1873 1150 1937 'accedere
1164 1893 1239 1957 prae-

135 1985 313 2058 sumentes,
342 1982 502 2062 iustisque
533 2000 696 2042 sacrorum
735 1981 954 2043 ministrorum
992 1981 1139 2041 monitis·
1166 1982 1237 2042 obse·

136 2087 245 2165 qrrium
268 2086 501 2164 detrectantes,
523 2107 541 2148 a
564 2086 596 2148 S.
622 2085 734 2148 Mensa
757 2092 935 2148 arceantur.
960 2081 1023 2158 65l)

511 2303 515 2310 ·
623 2297 658 2392 §-
688 2295 773 2370 195.

135 2439 187 2494 lm
205 2436 346 2493 osilia
364 2438 530 2509 praxim
548 2437 764 2497 cononicis
783 2435 1076 2496 sanctionibus
1094 2435 1238 2495 contor-

136 2544 247 2607 mem
270 2533 517 2620 constanter·
544 2531 778 2589 adhibitam
804 2530 958 2598 misse,
977 2530 1164 2587 Ritualis
1183 2533 1239 2585 Ps-
1285 2570 1287 2621 l

177 2620 373 2717 risicrrsis
391 2637 505 2680 sarno
527 2625 650 2681 1889.
668 2622 809 2707 recusi
828 2624 1018 2694 exemplo
1037 2625 1219 2679 docetur·
1285 2662 1287 2683 .

237 2782 288 2847 hd
309 2783 527 2865 probandum,
547 2785 578 2845 in
601 2782 750 2846 Ecclesia
769 2782 1002 2847 Gallicana
1020 2784 1143 2863 praxim
1159 2777 1240 2862 quoad

137 2887 335 2951 «concilianda
358 2891 455 2952 mixta
478 2889 678 2951 matrimonia
710 2891 840 2970 spiritui
868 2890 925 2952 SS.
949 2890 1112 2950 (lenonum
1136 2887 1240 2952 conier-

136 3001 304 3081 mem,'et,
327 2996 487 3075 prioribus
518 2996 661 3074 Epochis
693 2994 906 3076 descriptam,
937 3001 1106 3076 praesente
1139 3007 1240 3075 quoquc

43 3101 47 3111 '
136 3085 483 3185 Periodo'coustanter
505 3105 718 3162 manutentam
747 3100 869 3178 fuisse,
900 3120 1110 3180 provocamus
1139 3099 1179 3162 ad
1199 3099 1239 3159 lo·-

136 3208 230 3295 ιιιαιθἑ
244 3223 304 3295 pro
328 3204 568 3267 Archidioecesi
592 3188 765 3267 Purisieasi
781 3225 863 3267 anuo
889 3210 979 3267 1839.
1014 3226 1184 3284 recusum,
1206 3219 1241 3264 cu·

136 3309 187 3369 ius
210 3306 308 3400 ductu
329 3294 456 3401 proprio
480 3313 512 3375 in
536 3311 649 3372 merito
688 3330 823 3390 sequens
855 3313 1040 3372 observatur
1071 3309 1241 3390 disciplina:

17 3406 25 3421 ‘
138 3415 178 3487 a)
197 3433 256 3492 pro
279 3396 424 3506 quolibet
455 3437 531 3487 casu
563 3417 756 3479 matrimonii
787 3417 877 3478 mixti
908 3416 1110 3496 dispensatio
1142 3418 1174 3477 in
1201 3415 1240 3475 iu·

136 3518 319 3607 pedimento
345 3506 547 3602 disparitatis
570 3519 675 3583 cultus
697 3543 715 3583 a
739 3520 821 3583 Sede
839 3520 1027 3604 Apostolica
1046 3521 1185 3603 petenda
1200 3504 1240 3592 esi,

131 3611 202 3687 ‘nisi
224 3625 411 3716 ordinarius
423 3624 608 3717 ¹,specialem
630 3626 838 3708 dispensandi
860 3628 995 3691 haberet
1012 3626 1192 3691 indultum:
1211 3622 1241 3684 dl·

140 3732 313 3821 sponsatis·
331 3753 429 3821 porro
459 3712 587 3794 nonnisi
616 3753 652 3795 ea
681 3731 866 3794 conditione
896 3733 1103 3812 conceditur,
1135 3734 1163 3795 si
1190 3741 1240 3813 part

140 3835 379 3923 non-catholica
409 3858 507 3919 prona
529 3839 573 3915 sit
594 3836 636 3915 ad
658 3858 693 3900 se
722 3840 781 3929 sub
811 3839 915 3902 iurata
947 3839 1011 3901 fide
1041 3837 1241 3920 obligandam

142 3938 230 4027 qruod
251 3941 452 4029 conditiones
472 3945 506 4004 in
530 3939 629 4005 simili
650 3944 888 4007 circumstantia
911 3947 994 4026 exigi
1017 3944 1135 4009 solitas
1166 3943 1240 4006 adio

142 4040 265 4123 pletura
288 4048 340 4110 sit.
363 4050 398 4122 b)
422 4048 603 4111 benedictio
627 4069 795 4129 numquam
818 4050 929 4128 datur,
960 4071 1019 4111 nec
1051 4053 1154 4114 Missa
1179 4042 1238 4110 cele⁴

160 4170 394 4184 m*

211 4232 277 4288 654)
307 4239 397 4288 ltion.
432 4237 493 4288 255.
525 4254 586 4303 pag.
619 4242 680 4292 ata.
705 4268 739 4279 -
768 4245 800 4291 ci.
837 4244 999 4303 Aliperoetue
1032 4241 1232 4295 Ktrcuereetuu·
1268 4312 1272 4319 Ι

176 4328 338 4377 Durmotudt.
358 4325 446 4378 1839.
465 4342 489 4386 p.
510 4327 597 4381 1166.
