2798 4838
575 254 803 370 ..118-

567 455 589 480 ²
630 461 755 555 §.aa
827 472 830 477 ⁴

131 605 235 660 Post
251 601 512 670 publicatum
530 600 721 658 codicem
738 600 841 659 emal
863 604 985 660 1184.
1002 599 1050 657 tn
1067 594 1249 654 ntoeoen

132 693 369 750 vannetensi
397 709 423 749 o
440 692 622 771 pristino
646 682 788 761 rigore
812 693 925 750 circo
947 693 1077 748 mixtu
1096 701 1248 747 commu·

132 785 205 842 Μιι
222 799 437 843 recessum
455 787 535 841 esta
554 798 578 841 e
596 791 744 842 contro
761 784 808 863 im
826 783 1016 842 Dtoecesl
1041 783 1249 838 (incunen-

134 877 174 934 ιιΙ
192 891 241 933 ase
268 875 554 933 Pannonicus!
580 875 837 947 principium
879 876 1133 933 catholicum
1172 885 1249 928 rna·

577 975 817 1026 ssutentumr.
1119 953 1121 957 Α

180 1120 186 1142 “’
237 1128 319 1189 ‘Post
338 1126 534 1210 publicatum
569 1128 721 1190 codicem
751 1127 951 1191 matrimonia
980 1127 1096 1187 mixtae
1125 1115 1249 1203 religio·

137 1235 186 1295 nis
208 1233 426 1315 frequentiora
450 1241 558 1312 erant,
583 1236 769 1312 praesertim
793 1255 862 1295 oum
886 1241 917 1295 et
936 1231 1161 1295 0rdinariati1s
1183 1246 1249 1289 non·

138 1336 220 1399 nulli
241 1337 281 1400 de
302 1340 439 1418 pristino
464 1341 646 1401 sanctiones
670 1342 838 1410 canonicas
862 1338 964 1419 rigide
986 1337 1186 1399 ineffectum
1207 1328 1249 1405 de

145 1442 282 1504 ducendi
304 1443 373 1505 celo
398 1449 430 1505 et
452 1444 558 1505 studio
580 1446 777 1507 remiserint:
802 1443 886 1506 velut
907 1443 942 1505 id
958 1443 997 1514 de
1014 1424 1249 1506 Varmiensl

141 1551 173 1610 in
197 1550 302 1629 specie
325 1556 472 1628 constat,
497 1550 614 1631 quippe
637 1552 690 1630 qui
715 1550 768 1612 dd.
792 1557 843 1612 20.
876 1551 970 1611 Febr.
1008 1553 1101 1610 1786.
1135 1544 1249 1608 cleron

141 1674 292 1737 suumeo
314 1655 462 1735 inviavit,
485 1662 520 1716 ut
541 1657 688 1717 meritum
717 1657 856 1718 cuiusvis
887 1643 1083 1717 matrimonii
1111 1652 1204 1714 mixti
1222 1646 1249 1711 al

143 1781 176 1822 se
200 1780 270 1822 eum
294 1761 327 1822 in
350 1762 445 1821 finem
476 1761 611 1840 referat,
643 1783 705 1842 quo
734 1760 770 1823 id
801 1763 833 1822 in
865 1739 980 1823 mettun
1005 1779 1079 1821 cum
1106 1758 1249 1836 Repente

144 1869 237 1927 Ciuili
253 1846 494 1944 cointellipcntic
515 1869 704 1948 pertractari
727 1866 839 1930 valeat.
864 1867 963 1928 Subin
987 1873 1115 1943 autem,
1137 1871 1174 1924 ut
1194 1877 1249 1944 nae

144 1976 194 2033 rat
223 1971 241 2031 J
252 1972 443 2050 asephus
477 1971 646 2035 Sclreill
674 1969 746 2051 ¹⁹⁹),
780 1973 949 2035 Seminarii
976 1967 1249 2045 Brotmaderyeatit

145 2077 293 2155 Regens,
316 2095 351 2138 ea
374 2077 508 2147 invaluit
529 2076 598 2139 illic
628 2080 756 2159 praxis,
788 2085 822 2140 ut
850 2079 1123 2139 matrimoniorum
1155 2072 1249 2135 mute.

145 2200 216 2242 rum
248 2180 420 2245 celebratio
450 2183 518 2245 fere
548 2185 638 2245 unice
669 2184 856 2264 prudentiae
888 2181 1043 2263 pastorali
1074 2186 1107 2240 ct
1134 2160 1249 2239 arbitrie

149 2288 340 2349 Crrratorum
362 2287 616 2369 relinqueretur,
640 2309 773 2369 quorum
796 2289 938 2369 plerique
968 2286 1170 2356 matrimonia
1191 2277 1249 2343 talla

150 2393 244 2453 etiam
266 2393 299 2454 in
321 2395 448 2457 casibus
471 2393 558 2475 illis,
582 2396 615 2456 in
639 2396 754 2473 quibus
777 2393 942 2456 Ecclesiae
964 2391 1249 2454 conditionibusst·

149 2497 314 2560 tisfactum
334 2520 398 2561 non
419 2499 545 2583 furerat,
576 2501 795 2562 benedictione
824 2500 1016 2560 muniebant.
1039 2497 1130 2557 -u
1163 2479 1249 2556 cosltt

144 2604 182 2665 'ln
206 2605 369 2685 provincia
392 2606 636 2668 Gnesnensi
658 2627 703 2668 ac
734 2603 1022 2667 Posnaniensi
1054 2601 1184 2663 tametsi
1206 2597 1249 2675 lle·

151 2711 257 2792 gimen
278 2708 325 2771 nil
345 2710 536 2774 intentatum
556 2710 742 2791 reliquerit,
765 2731 826 2789 quo
850 2710 1001 2772 Codicem
1024 2728 1116 2770 suum
1139 2707 1172 2768 in
1192 2704 1249 2766 Ρη·

150 2818 270 2901 vincias
294 2836 419 2897 quoque
444 2816 643 2896 Orientales,
668 2824 699 2878 et
721 2817 908 2896 praesertim
940 2813 1035 2893 illas,
1058 2833 1137 2893 quas
1161 2797 1249 2876 Arelli·

152 2921 311 3010 dioecesis
343 2928 517 2984 memorata
548 2924 621 2983 sinu
651 2943 708 2984 suo
739 2920 997 3001 comprehendit,
1035 2937 1154 2998 quaeve
1191 2926 1249 2978 anti

156 3033 247 3109 1793,
263 3028 303 3111 in
326 3032 517 3106 potestatem
534 3029 706 3089 Borussiae
724 3029 823 3106 Regis
837 3033 1007 3104 venerunt,
1030 3025 1186 3101 inferret,
1199 3015 1249 3083 (llt⁴

150 3153 210 3216 ¹rus
241 3152 338 3215 porro
369 3151 496 3213 quoque
523 3129 648 3212 legibus
677 3129 844 3194 Ecclesiae
874 3150 945 3192 sese
976 3123 1249 3205 conformabant

155 3239 321 3319 consuetas
359 3238 522 3298 curationes
554 3258 572 3298 a
602 3238 730 3316 sponsis
763 3237 876 3298 mixtae
908 3234 1074 3316 religionis
1105 3232 1240 3314 exigebat

52 3344 54 3348 ’
156 3343 272 3431 quibus
294 3352 325 3403 et
347 3343 447 3423 partis
470 3343 638 3422 coniugum
661 3340 839 3404 catholicae
863 3347 895 3402 et
925 3340 1106 3402 futurarum
1139 3335 1249 3421 prolia!

159 3446 245 3512 salus
268 3449 301 3509 in
323 3454 390 3509 tuto
404 3425 605 3530 *panaretum
628 3446 687 3510 sed
709 3454 740 3509 et
763 3447 961 3528 dispensatio
981 3446 1204 3509 Ordinariatus
1217 3453 1249 3521 pn

159 3552 304 3635 quolibet
326 3572 400 3616 casu
423 3558 490 3614 erat
511 3553 701 3615 necessaria.
732 3551 816 3632 Quid
844 3550 930 3630 quod
957 3571 1015 3612 nec
1046 3552 1183 3631 Regium
1214 3539 1248 3611 lli

39 3712 41 3721 r
118 3661 121 3666 “
159 3660 343 3738 nisterium,
366 3656 474 3720 saltim
504 3658 618 3737 initio,
649 3660 770 3737 praxim
800 3660 895 3719 istam
926 3657 1145 3719 0rdinariatui
1178 3654 1249 3717 eno

162 3767 252 3826 nensi
275 3765 536 3826 controverterit:
558 3764 623 3825 imo
646 3764 816 3843 Rescripto
841 3761 893 3824 dd.
920 3768 966 3824 17.
989 3760 1173 3857 Jul.11800.
1205 3767 1249 3822 cot

161 3870 355 3931 trahentium
375 3868 506 3950 reliquit
529 3869 761 3942 conscientiae,
786 3867 1058 3948 dispensationem
1091 3886 1110 3930 a
1133 3860 1249 3948 Superi¹

166 4032 408 4049 u—-ssl

120 4206 122 4211 ,
183 4209 184 4214 Ἰ
235 4142 301 4206 199)
324 4147 380 4194 Vos
397 4148 449 4194 deu
466 4147 637 4195 vermicclrtcn
654 4146 739 4194 Elaea.
757 4145 920 4203 Actaeona,
937 4159 988 4194 noas
997 4146 1047 4194 Dr.
1057 4114 1185 4223 Benkeit
1210 4133 1249 4191 ΧἸ

125 4226 153 4233 ‘¹
198 4237 272 4294 Heft.
291 4233 377 4286 1829.
393 4235 432 4287 et.
451 4237 488 4286 Μ.
509 4239 550 4287 de
578 4231 760 4295 Schenkl,
784 4237 871 4287 Imtit.
890 4236 951 4286 Jur.
979 4236 1082 4288 Ecclec.
1101 4238 1134 4287 Ρ.
1151 4235 1195 4286 11.
1210 4233 1249 4284 u

199 4330 306 4380 ἀιίΙιιιεί.
323 4325 413 4380 1830.
438 4343 463 4385 n.
483 4324 554 4378 429.
794 4323 817 4330 ”
860 4341 864 4345 ·
900 4337 901 4340 ’
1102 4336 1104 4341 ·
1135 4329 1139 4336 “
