<?xml version="1.0" encoding="UTF-8"?>
<!DOCTYPE html PUBLIC "-//W3C//DTD XHTML 1.0 Transitional//EN"
    "http://www.w3.org/TR/xhtml1/DTD/xhtml1-transitional.dtd">
<html xmlns="http://www.w3.org/1999/xhtml" xml:lang="en" lang="en">
 <head>
  <title>
</title>
<meta http-equiv="Content-Type" content="text/html;charset=utf-8" />
  <meta name='ocr-system' content='tesseract 3.04.00' />
  <meta name='ocr-capabilities' content='ocr_page ocr_carea ocr_par ocr_line ocrx_word'/>
</head>
<body>
  <div class='ocr_page' id='page_1' title='image "./dematrimoniismi01roskgoog_0195.png"; bbox 0 0 2798 4838; ppageno 0'>
   <div class='ocr_carea' id='block_1_1' title="bbox 585 193 831 305">
    <p class='ocr_par' dir='ltr' id='par_1_1' title="bbox 585 193 831 305">
     <span class='ocr_line' id='line_1_1' title="bbox 585 193 831 305; baseline -0.004 0"><span class='ocrx_word' id='word_1_1' title='bbox 585 193 831 305; x_wconf 56' lang='lat'>..1644</span> 
     </span>
    </p>
   </div>
   <div class='ocr_carea' id='block_1_2' title="bbox 137 453 1261 679">
    <p class='ocr_par' dir='ltr' id='par_1_2' title="bbox 137 453 1261 679">
     <span class='ocr_line' id='line_1_2' title="bbox 137 453 1261 584; baseline -0.008 -22"><span class='ocrx_word' id='word_1_2' title='bbox 137 453 191 562; x_wconf 74' lang='lat' dir='ltr'><strong>ll.v</strong></span> <span class='ocrx_word' id='word_1_3' title='bbox 214 483 350 566; x_wconf 81' lang='lat' dir='ltr'><strong>Status</strong></span> <span class='ocrx_word' id='word_1_4' title='bbox 386 479 610 584; x_wconf 84' lang='lat' dir='ltr'><strong>disciplinae</strong></span> <span class='ocrx_word' id='word_1_5' title='bbox 649 477 769 578; x_wconf 89' lang='lat' dir='ltr'><strong>quoad</strong></span> <span class='ocrx_word' id='word_1_6' title='bbox 797 486 898 554; x_wconf 87' lang='lat' dir='ltr'><strong>matr.</strong></span> <span class='ocrx_word' id='word_1_7' title='bbox 926 477 1039 553; x_wconf 84' lang='lat' dir='ltr'><strong>mixta</strong></span> <span class='ocrx_word' id='word_1_8' title='bbox 1063 476 1100 553; x_wconf 91' lang='lat' dir='ltr'><strong>in</strong></span> <span class='ocrx_word' id='word_1_9' title='bbox 1131 477 1261 577; x_wconf 79' lang='lat' dir='ltr'><strong>Regno</strong></span> 
     </span>
     <span class='ocr_line' id='line_1_3' title="bbox 605 601 800 679; baseline -0.01 -3"><span class='ocrx_word' id='word_1_10' title='bbox 605 601 800 679; x_wconf 75' lang='lat' dir='ltr'><strong>Bavadae.</strong></span> 
     </span>
    </p>
   </div>
   <div class='ocr_carea' id='block_1_3' title="bbox 602 792 892 885">
    <p class='ocr_par' dir='ltr' id='par_1_3' title="bbox 602 792 892 885">
     <span class='ocr_line' id='line_1_4' title="bbox 602 792 892 885; baseline 0.014 -60"><span class='ocrx_word' id='word_1_11' title='bbox 602 792 765 885; x_wconf 52' lang='lat' dir='ltr'><strong>,W</strong></span> <span class='ocrx_word' id='word_1_12' title='bbox 890 827 892 829; x_wconf 78' lang='grc'><strong>,</strong></span> 
     </span>
    </p>
   </div>
   <div class='ocr_carea' id='block_1_4' title="bbox 65 927 1301 1467">
    <p class='ocr_par' dir='ltr' id='par_1_4' title="bbox 65 927 1301 1467">
     <span class='ocr_line' id='line_1_5' title="bbox 138 927 1260 1004; baseline -0.009 -7"><span class='ocrx_word' id='word_1_13' title='bbox 138 942 191 998; x_wconf 81' lang='lat' dir='ltr'><strong>lm</strong></span> <span class='ocrx_word' id='word_1_14' title='bbox 207 935 390 996; x_wconf 76' lang='lat' dir='ltr'><strong>Bovario</strong></span> <span class='ocrx_word' id='word_1_15' title='bbox 401 948 489 992; x_wconf 80' lang='lat' dir='ltr'><strong>mon</strong></span> <span class='ocrx_word' id='word_1_16' title='bbox 507 931 650 991; x_wconf 81' lang='lat' dir='ltr'><strong>miuus</strong></span> <span class='ocrx_word' id='word_1_17' title='bbox 668 945 797 1004; x_wconf 77' lang='lat' dir='ltr'><strong>quom</strong></span> <span class='ocrx_word' id='word_1_18' title='bbox 812 929 914 988; x_wconf 79' lang='lat' dir='ltr'><strong>ollbl</strong></span> <span class='ocrx_word' id='word_1_19' title='bbox 936 945 1008 990; x_wconf 80' lang='lat' dir='ltr'><strong>rer</strong></span> <span class='ocrx_word' id='word_1_20' title='bbox 1034 927 1260 989; x_wconf 66' lang='lat' dir='ltr'><strong>nixum</strong></span> 
     </span>
     <span class='ocr_line' id='line_1_6' title="bbox 139 1022 1259 1097; baseline -0.006 -9"><span class='ocrx_word' id='word_1_21' title='bbox 139 1028 510 1088; x_wconf 70' lang='lat' dir='ltr'><strong>matrimonium</strong></span> <span class='ocrx_word' id='word_1_22' title='bbox 527 1028 581 1084; x_wconf 77' lang='lat' dir='ltr'><strong>od</strong></span> <span class='ocrx_word' id='word_1_23' title='bbox 599 1023 854 1097; x_wconf 80' lang='lat' dir='ltr'><strong>principium</strong></span> <span class='ocrx_word' id='word_1_24' title='bbox 863 1022 1138 1095; x_wconf 66' lang='lat' dir='ltr'><strong>mustitano</strong></span> <span class='ocrx_word' id='word_1_25' title='bbox 1151 1023 1259 1081; x_wconf 79' lang='lat' dir='ltr'><strong>mser</strong></span> 
     </span>
     <span class='ocr_line' id='line_1_7' title="bbox 65 1104 1301 1190; baseline -0.007 -10"><span class='ocrx_word' id='word_1_26' title='bbox 65 1149 82 1190; x_wconf 88' lang='lat'><strong>·.</strong></span> <span class='ocrx_word' id='word_1_27' title='bbox 141 1121 382 1179; x_wconf 68' lang='lat' dir='ltr'><strong>catholicos</strong></span> <span class='ocrx_word' id='word_1_28' title='bbox 398 1125 441 1178; x_wconf 84' lang='lat' dir='ltr'><strong>et</strong></span> <span class='ocrx_word' id='word_1_29' title='bbox 454 1120 745 1180; x_wconf 74' lang='lat' dir='ltr'><strong>Protesterrtes</strong></span> <span class='ocrx_word' id='word_1_30' title='bbox 768 1119 958 1184; x_wconf 67' lang='lat' dir='ltr'><strong>redacta,</strong></span> <span class='ocrx_word' id='word_1_31' title='bbox 981 1115 1259 1188; x_wconf 65' lang='lat' dir='ltr'><strong>pluribusque</strong></span> <span class='ocrx_word' id='word_1_32' title='bbox 1285 1104 1301 1135; x_wconf 73' lang='lat'><strong>&#39;⁴</strong></span> 
     </span>
     <span class='ocr_line' id='line_1_8' title="bbox 95 1204 1258 1281; baseline -0.002 -12"><span class='ocrx_word' id='word_1_33' title='bbox 95 1204 100 1219; x_wconf 88' lang='lat'>&#39;</span> <span class='ocrx_word' id='word_1_34' title='bbox 139 1212 295 1271; x_wconf 78' lang='lat' dir='ltr'><strong>ltdletls</strong></span> <span class='ocrx_word' id='word_1_35' title='bbox 318 1210 555 1281; x_wconf 65' lang='lat' dir='ltr'><strong>Regtmlnrs</strong></span> <span class='ocrx_word' id='word_1_36' title='bbox 583 1211 637 1267; x_wconf 81' lang='lat' dir='ltr'><strong>ad</strong></span> <span class='ocrx_word' id='word_1_37' title='bbox 659 1223 806 1267; x_wconf 74' lang='lat' dir='ltr'><strong>essum</strong></span> <span class='ocrx_word' id='word_1_38' title='bbox 826 1213 1005 1279; x_wconf 66' lang='lat' dir='ltr'><strong>negatae</strong></span> <span class='ocrx_word' id='word_1_39' title='bbox 1029 1223 1109 1280; x_wconf 84' lang='lat' dir='ltr'><strong>per</strong></span> <span class='ocrx_word' id='word_1_40' title='bbox 1132 1211 1258 1267; x_wconf 76' lang='lat' dir='ltr'><strong>Poro·</strong></span> 
     </span>
     <span class='ocr_line' id='line_1_9' title="bbox 141 1299 1258 1370; baseline -0.002 -9"><span class='ocrx_word' id='word_1_41' title='bbox 141 1306 269 1361; x_wconf 76' lang='lat' dir='ltr'><strong>elium</strong></span> <span class='ocrx_word' id='word_1_42' title='bbox 286 1303 551 1361; x_wconf 68' lang='lat' dir='ltr'><strong>catholicum</strong></span> <span class='ocrx_word' id='word_1_43' title='bbox 567 1299 893 1370; x_wconf 65' lang='lat' dir='ltr'><strong>benedictionis,</strong></span> <span class='ocrx_word' id='word_1_44' title='bbox 905 1300 1103 1359; x_wconf 74' lang='lat' dir='ltr'><strong>mateter-</strong></span> <span class='ocrx_word' id='word_1_45' title='bbox 1118 1302 1258 1360; x_wconf 74' lang='lat' dir='ltr'><strong>Proto·</strong></span> 
     </span>
     <span class='ocr_line' id='line_1_10' title="bbox 104 1386 1007 1467; baseline -0.004 -12"><span class='ocrx_word' id='word_1_46' title='bbox 104 1386 106 1391; x_wconf 72' lang='grc'><strong>’</strong></span> <span class='ocrx_word' id='word_1_47' title='bbox 399 1394 610 1454; x_wconf 57' lang='lat' dir='ltr'><strong>nauticus</strong></span> <span class='ocrx_word' id='word_1_48' title='bbox 625 1397 824 1467; x_wconf 74' lang='lat' dir='ltr'><strong>copulare</strong></span> <span class='ocrx_word' id='word_1_49' title='bbox 846 1393 1007 1452; x_wconf 77' lang='lat' dir='ltr'><strong>iussus·</strong></span> 
     </span>
    </p>
   </div>
   <div class='ocr_carea' id='block_1_5' title="bbox 103 1552 1301 2690">
    <p class='ocr_par' dir='ltr' id='par_1_5' title="bbox 103 1552 1301 2690">
     <span class='ocr_line' id='line_1_11' title="bbox 243 1552 1261 1638; baseline -0.004 -19"><span class='ocrx_word' id='word_1_50' title='bbox 243 1557 457 1638; x_wconf 73' lang='lat' dir='ltr'><strong>Posteaquam</strong></span> <span class='ocrx_word' id='word_1_51' title='bbox 487 1555 522 1617; x_wconf 89' lang='lat' dir='ltr'><strong>M</strong></span> <span class='ocrx_word' id='word_1_52' title='bbox 532 1553 819 1617; x_wconf 87' lang='lat' dir='ltr'><strong>axlmilianus</strong></span> <span class='ocrx_word' id='word_1_53' title='bbox 850 1557 918 1618; x_wconf 86' lang='lat' dir='ltr'><strong>Rex</strong></span> <span class='ocrx_word' id='word_1_54' title='bbox 945 1552 1153 1633; x_wconf 85' lang='lat' dir='ltr'><strong>Provincias,</strong></span> <span class='ocrx_word' id='word_1_55' title='bbox 1187 1570 1261 1635; x_wconf 80' lang='lat' dir='ltr'><strong>quse</strong></span> 
     </span>
     <span class='ocr_line' id='line_1_12' title="bbox 141 1659 1259 1738; baseline -0.003 -17"><span class='ocrx_word' id='word_1_56' title='bbox 141 1659 240 1723; x_wconf 89' lang='lat' dir='ltr'><strong>hodle</strong></span> <span class='ocrx_word' id='word_1_57' title='bbox 262 1659 425 1724; x_wconf 79' lang='lat' dir='ltr'><strong>circulum</strong></span> <span class='ocrx_word' id='word_1_58' title='bbox 448 1661 602 1724; x_wconf 85' lang='lat' dir='ltr'><strong>Bavariae</strong></span> <span class='ocrx_word' id='word_1_59' title='bbox 624 1661 810 1723; x_wconf 80' lang='lat' dir='ltr'><strong>Rhenanam</strong></span> <span class='ocrx_word' id='word_1_60' title='bbox 832 1661 1048 1738; x_wconf 87' lang='lat' dir='ltr'><strong>constituunt,</strong></span> <span class='ocrx_word' id='word_1_61' title='bbox 1077 1663 1174 1722; x_wconf 86' lang='lat' dir='ltr'><strong>antea</strong></span> <span class='ocrx_word' id='word_1_62' title='bbox 1194 1674 1259 1719; x_wconf 83' lang='lat' dir='ltr'><strong>vere</strong></span> 
     </span>
     <span class='ocr_line' id='line_1_13' title="bbox 141 1764 1301 1853; baseline -0.003 -25"><span class='ocrx_word' id='word_1_63' title='bbox 141 1764 252 1828; x_wconf 86' lang='lat' dir='ltr'><strong>multis</strong></span> <span class='ocrx_word' id='word_1_64' title='bbox 286 1767 581 1845; x_wconf 77' lang='lat' dir='ltr'><strong>vicissitudinibus,</strong></span> <span class='ocrx_word' id='word_1_65' title='bbox 622 1767 780 1844; x_wconf 88' lang='lat' dir='ltr'><strong>variisque</strong></span> <span class='ocrx_word' id='word_1_66' title='bbox 811 1765 947 1826; x_wconf 91' lang='lat' dir='ltr'><strong>dominis</strong></span> <span class='ocrx_word' id='word_1_67' title='bbox 981 1765 1136 1826; x_wconf 82' lang='lat' dir='ltr'><strong>obnoxiae</strong></span> <span class='ocrx_word' id='word_1_68' title='bbox 1166 1769 1258 1853; x_wconf 84' lang='lat' dir='ltr'><strong>erant,</strong></span> <span class='ocrx_word' id='word_1_69' title='bbox 1295 1788 1301 1851; x_wconf 74' lang='lat'><strong>,·</strong></span> 
     </span>
     <span class='ocr_line' id='line_1_14' title="bbox 144 1856 1301 1953; baseline -0.001 -21"><span class='ocrx_word' id='word_1_70' title='bbox 144 1870 197 1932; x_wconf 90' lang='lat' dir='ltr'><strong>die</strong></span> <span class='ocrx_word' id='word_1_71' title='bbox 220 1875 271 1933; x_wconf 79' lang='grc'><strong>30.</strong></span> <span class='ocrx_word' id='word_1_72' title='bbox 288 1871 390 1953; x_wconf 84' lang='lat' dir='ltr'><strong>April.</strong></span> <span class='ocrx_word' id='word_1_73' title='bbox 415 1876 506 1936; x_wconf 85' lang='lat'>1816.</span> <span class='ocrx_word' id='word_1_74' title='bbox 529 1871 776 1934; x_wconf 77' lang='lat' dir='ltr'><strong>revindicassets</strong></span> <span class='ocrx_word' id='word_1_75' title='bbox 807 1869 1074 1932; x_wconf 67' lang='lat' dir='ltr'><strong>fundamentalem</strong></span> <span class='ocrx_word' id='word_1_76' title='bbox 1106 1859 1258 1951; x_wconf 69' lang='lat' dir='ltr'><strong>(iou&#39;gree</strong></span> <span class='ocrx_word' id='word_1_77' title='bbox 1290 1856 1301 1951; x_wconf 72' lang='lat' dir='ltr'><strong>¹l</strong></span> 
     </span>
     <span class='ocr_line' id='line_1_15' title="bbox 147 1974 1285 2059; baseline -0.003 -21"><span class='ocrx_word' id='word_1_78' title='bbox 147 1995 203 2038; x_wconf 87' lang='lat' dir='ltr'><strong>sos</strong></span> <span class='ocrx_word' id='word_1_79' title='bbox 225 1974 414 2040; x_wconf 82' lang='lat' dir='ltr'><strong>Viennensis</strong></span> <span class='ocrx_word' id='word_1_80' title='bbox 441 1977 546 2059; x_wconf 87' lang='lat' dir='ltr'><strong>legem</strong></span> <span class='ocrx_word' id='word_1_81' title='bbox 578 1976 617 2039; x_wconf 93' lang='lat' dir='ltr'><strong>de</strong></span> <span class='ocrx_word' id='word_1_82' title='bbox 638 1977 781 2059; x_wconf 85' lang='lat' dir='ltr'><strong>perfecta</strong></span> <span class='ocrx_word' id='word_1_83' title='bbox 812 1975 1004 2057; x_wconf 77' lang='lat' dir='ltr'><strong>aequalitate</strong></span> <span class='ocrx_word' id='word_1_84' title='bbox 1032 1975 1152 2037; x_wconf 85' lang='lat' dir='ltr'><strong>iuriam</strong></span> <span class='ocrx_word' id='word_1_85' title='bbox 1186 1974 1285 2036; x_wconf 83' lang='lat' dir='ltr'><strong>inter·</strong></span> 
     </span>
     <span class='ocr_line' id='line_1_16' title="bbox 103 2078 1255 2162; baseline 0 -20"><span class='ocrx_word' id='word_1_86' title='bbox 103 2109 105 2113; x_wconf 96' lang='lat'>·</span> <span class='ocrx_word' id='word_1_87' title='bbox 144 2078 332 2145; x_wconf 83' lang='lat' dir='ltr'><strong>Catholicos</strong></span> <span class='ocrx_word' id='word_1_88' title='bbox 372 2090 404 2146; x_wconf 91' lang='lat' dir='ltr'><strong>et</strong></span> <span class='ocrx_word' id='word_1_89' title='bbox 434 2083 654 2146; x_wconf 87' lang='lat' dir='ltr'><strong>Protestantes</strong></span> <span class='ocrx_word' id='word_1_90' title='bbox 693 2079 903 2162; x_wconf 86' lang='lat' dir='ltr'><strong>stabilienda,</strong></span> <span class='ocrx_word' id='word_1_91' title='bbox 949 2079 1091 2162; x_wconf 83' lang='lat' dir='ltr'><strong>exemplo</strong></span> <span class='ocrx_word' id='word_1_92' title='bbox 1131 2078 1255 2143; x_wconf 75' lang='lat' dir='ltr'><strong>aliorum</strong></span> 
     </span>
     <span class='ocr_line' id='line_1_17' title="bbox 127 2174 1253 2269; baseline -0.006 -17"><span class='ocrx_word' id='word_1_93' title='bbox 127 2185 334 2252; x_wconf 79' lang='lat' dir='ltr'><strong>-Germaniae</strong></span> <span class='ocrx_word' id='word_1_94' title='bbox 362 2188 567 2267; x_wconf 83' lang='lat' dir='ltr'><strong>Principum,</strong></span> <span class='ocrx_word' id='word_1_95' title='bbox 599 2185 816 2269; x_wconf 86' lang='lat' dir='ltr'><strong>promulgari,</strong></span> <span class='ocrx_word' id='word_1_96' title='bbox 848 2195 880 2249; x_wconf 91' lang='lat' dir='ltr'><strong>et</strong></span> <span class='ocrx_word' id='word_1_97' title='bbox 909 2174 1144 2248; x_wconf 68' lang='lat' dir='ltr'><strong>insomnii</strong></span> <span class='ocrx_word' id='word_1_98' title='bbox 1173 2187 1253 2249; x_wconf 84' lang='grc'>1818.</span> 
     </span>
     <span class='ocr_line' id='line_1_18' title="bbox 142 2289 1255 2374; baseline -0.002 -20"><span class='ocrx_word' id='word_1_99' title='bbox 142 2289 339 2354; x_wconf 80' lang='lat' dir='ltr'><strong>Edictum</strong></span> <span class='ocrx_word' id='word_1_100' title='bbox 362 2291 615 2373; x_wconf 81' lang='lat' dir='ltr'><strong>Religionis</strong></span> <span class='ocrx_word' id='word_1_101' title='bbox 637 2291 799 2371; x_wconf 86' lang='lat' dir='ltr'><strong>publicum</strong></span> <span class='ocrx_word' id='word_1_102' title='bbox 820 2291 912 2354; x_wconf 90' lang='lat' dir='ltr'><strong>reddi</strong></span> <span class='ocrx_word' id='word_1_103' title='bbox 934 2291 1029 2354; x_wconf 78' lang='lat' dir='ltr'><strong>iecit:</strong></span> <span class='ocrx_word' id='word_1_104' title='bbox 1056 2293 1091 2353; x_wconf 88' lang='lat' dir='ltr'><strong>in</strong></span> <span class='ocrx_word' id='word_1_105' title='bbox 1115 2290 1255 2374; x_wconf 60' lang='lat' dir='ltr'><strong>quatere*</strong></span> 
     </span>
     <span class='ocr_line' id='line_1_19' title="bbox 145 2382 1281 2479; baseline -0.001 -20"><span class='ocrx_word' id='word_1_106' title='bbox 145 2396 272 2460; x_wconf 86' lang='lat' dir='ltr'><strong>eaedem</strong></span> <span class='ocrx_word' id='word_1_107' title='bbox 295 2398 378 2460; x_wconf 85' lang='lat' dir='ltr'><strong>circa</strong></span> <span class='ocrx_word' id='word_1_108' title='bbox 397 2387 596 2460; x_wconf 87' lang='lat' dir='ltr'><strong>matrimonia</strong></span> <span class='ocrx_word' id='word_1_109' title='bbox 611 2400 707 2460; x_wconf 87' lang='lat' dir='ltr'><strong>mixta</strong></span> <span class='ocrx_word' id='word_1_110' title='bbox 729 2400 927 2479; x_wconf 84' lang='lat' dir='ltr'><strong>provisiones</strong></span> <span class='ocrx_word' id='word_1_111' title='bbox 950 2399 1167 2477; x_wconf 89' lang='lat' dir='ltr'><strong>continentur,</strong></span> <span class='ocrx_word' id='word_1_112' title='bbox 1188 2382 1281 2478; x_wconf 30' lang='lat' dir='ltr'><strong>qnae·</strong></span> 
     </span>
     <span class='ocr_line' id='line_1_20' title="bbox 142 2496 1253 2583; baseline -0.002 -20"><span class='ocrx_word' id='word_1_113' title='bbox 142 2503 175 2564; x_wconf 89' lang='lat' dir='ltr'><strong>in</strong></span> <span class='ocrx_word' id='word_1_114' title='bbox 199 2503 302 2583; x_wconf 82' lang='lat' dir='ltr'><strong>priori</strong></span> <span class='ocrx_word' id='word_1_115' title='bbox 324 2503 440 2567; x_wconf 74' lang='lat' dir='ltr'><strong>Edicto</strong></span> <span class='ocrx_word' id='word_1_116' title='bbox 471 2506 544 2566; x_wconf 88' lang='lat' dir='ltr'><strong>anni</strong></span> <span class='ocrx_word' id='word_1_117' title='bbox 572 2502 728 2575; x_wconf 81' lang='lat'>1809.³⁰⁸)</span> <span class='ocrx_word' id='word_1_118' title='bbox 759 2510 896 2564; x_wconf 88' lang='lat' dir='ltr'><strong>statutae</strong></span> <span class='ocrx_word' id='word_1_119' title='bbox 917 2504 1067 2580; x_wconf 86' lang='lat' dir='ltr'><strong>fuerunt,</strong></span> <span class='ocrx_word' id='word_1_120' title='bbox 1096 2505 1161 2564; x_wconf 89' lang='lat' dir='ltr'><strong>nisi</strong></span> <span class='ocrx_word' id='word_1_121' title='bbox 1184 2496 1253 2583; x_wconf 85' lang='lat' dir='ltr'><strong>qood</strong></span> 
     </span>
     <span class='ocr_line' id='line_1_21' title="bbox 144 2604 1253 2690; baseline 0 -20"><span class='ocrx_word' id='word_1_122' title='bbox 144 2609 354 2670; x_wconf 87' lang='lat' dir='ltr'><strong>eaeuberius</strong></span> <span class='ocrx_word' id='word_1_123' title='bbox 377 2605 540 2689; x_wconf 85' lang='lat' dir='ltr'><strong>evolutae,</strong></span> <span class='ocrx_word' id='word_1_124' title='bbox 572 2629 609 2671; x_wconf 91' lang='lat' dir='ltr'><strong>ac</strong></span> <span class='ocrx_word' id='word_1_125' title='bbox 638 2608 679 2671; x_wconf 88' lang='lat' dir='ltr'><strong>ad</strong></span> <span class='ocrx_word' id='word_1_126' title='bbox 701 2610 856 2690; x_wconf 85' lang='lat' dir='ltr'><strong>principia</strong></span> <span class='ocrx_word' id='word_1_127' title='bbox 887 2609 992 2671; x_wconf 91' lang='lat' dir='ltr'><strong>dictae</strong></span> <span class='ocrx_word' id='word_1_128' title='bbox 1020 2607 1103 2689; x_wconf 88' lang='lat' dir='ltr'><strong>legis</strong></span> <span class='ocrx_word' id='word_1_129' title='bbox 1127 2604 1253 2689; x_wconf 84' lang='lat' dir='ltr'><strong>aequali·</strong></span> 
     </span>
    </p>
   </div>
   <div class='ocr_carea' id='block_1_6' title="bbox 27 2714 1253 2794">
    <p class='ocr_par' dir='ltr' id='par_1_6' title="bbox 27 2714 1253 2794">
     <span class='ocr_line' id='line_1_22' title="bbox 27 2714 1253 2794; baseline -0.003 -17"><span class='ocrx_word' id='word_1_130' title='bbox 27 2757 29 2761; x_wconf 80' lang='lat'><em>.</em></span> <span class='ocrx_word' id='word_1_131' title='bbox 143 2715 218 2777; x_wconf 91' lang='lat' dir='ltr'><strong>tatis</strong></span> <span class='ocrx_word' id='word_1_132' title='bbox 240 2715 325 2776; x_wconf 85' lang='lat' dir='ltr'><strong>inter</strong></span> <span class='ocrx_word' id='word_1_133' title='bbox 347 2714 574 2778; x_wconf 77' lang='lat' dir='ltr'><strong>consessiones</strong></span> <span class='ocrx_word' id='word_1_134' title='bbox 593 2715 791 2777; x_wconf 80' lang='lat' dir='ltr'><strong>Christianae</strong></span> <span class='ocrx_word' id='word_1_135' title='bbox 814 2715 985 2776; x_wconf 86' lang='lat' dir='ltr'><strong>servandae</strong></span> <span class='ocrx_word' id='word_1_136' title='bbox 999 2715 1100 2794; x_wconf 88' lang='lat' dir='ltr'><strong>magis</strong></span> <span class='ocrx_word' id='word_1_137' title='bbox 1124 2729 1253 2777; x_wconf 86' lang='lat' dir='ltr'><strong>accomo-</strong></span> 
     </span>
    </p>
   </div>
   <div class='ocr_carea' id='block_1_7' title="bbox 145 2818 1253 3006">
    <p class='ocr_par' dir='ltr' id='par_1_7' title="bbox 145 2818 1253 3006">
     <span class='ocr_line' id='line_1_23' title="bbox 145 2818 1253 2907; baseline -0.001 -27"><span class='ocrx_word' id='word_1_138' title='bbox 145 2818 238 2882; x_wconf 91' lang='lat' dir='ltr'><strong>datae</strong></span> <span class='ocrx_word' id='word_1_139' title='bbox 260 2822 448 2882; x_wconf 83' lang='lat' dir='ltr'><strong>exstiterint.</strong></span> <span class='ocrx_word' id='word_1_140' title='bbox 478 2821 652 2903; x_wconf 88' lang='lat' dir='ltr'><strong>Sequentia</strong></span> <span class='ocrx_word' id='word_1_141' title='bbox 673 2823 821 2882; x_wconf 88' lang='lat' dir='ltr'><strong>nimirum</strong></span> <span class='ocrx_word' id='word_1_142' title='bbox 843 2821 959 2907; x_wconf 75' lang='lat' dir='ltr'><strong>Edicto</strong></span> <span class='ocrx_word' id='word_1_143' title='bbox 990 2827 1166 2883; x_wconf 88' lang='lat' dir='ltr'><strong>memorato</strong></span> <span class='ocrx_word' id='word_1_144' title='bbox 1194 2838 1253 2882; x_wconf 75' lang='lat' dir='ltr'><strong>san»</strong></span> 
     </span>
     <span class='ocr_line' id='line_1_24' title="bbox 145 2924 1253 3006; baseline 0 -21"><span class='ocrx_word' id='word_1_145' title='bbox 145 2927 208 2987; x_wconf 90' lang='lat' dir='ltr'><strong>cita</strong></span> <span class='ocrx_word' id='word_1_146' title='bbox 232 2931 325 2986; x_wconf 85' lang='lat' dir='ltr'><strong>sunt:</strong></span> <span class='ocrx_word' id='word_1_147' title='bbox 357 2926 392 2998; x_wconf 83' lang='lat' dir='ltr'><strong>a&gt;</strong></span> <span class='ocrx_word' id='word_1_148' title='bbox 419 2924 552 2987; x_wconf 89' lang='lat' dir='ltr'><strong>cuilibet</strong></span> <span class='ocrx_word' id='word_1_149' title='bbox 573 2925 774 2988; x_wconf 90' lang='lat' dir='ltr'><strong>subditorum</strong></span> <span class='ocrx_word' id='word_1_150' title='bbox 796 2925 922 3006; x_wconf 88' lang='lat' dir='ltr'><strong>plenam</strong></span> <span class='ocrx_word' id='word_1_151' title='bbox 942 2925 1125 2988; x_wconf 89' lang='lat' dir='ltr'><strong>libertatem</strong></span> <span class='ocrx_word' id='word_1_152' title='bbox 1139 2942 1253 3005; x_wconf 88' lang='lat' dir='ltr'><strong>compe·</strong></span> 
     </span>
    </p>
   </div>
   <div class='ocr_carea' id='block_1_8' title="bbox 41 3028 1254 3113">
    <p class='ocr_par' dir='ltr' id='par_1_8' title="bbox 41 3028 1254 3113">
     <span class='ocr_line' id='line_1_25' title="bbox 41 3028 1254 3113; baseline -0.002 -22"><span class='ocrx_word' id='word_1_153' title='bbox 41 3047 43 3052; x_wconf 74' lang='grc'>’</span> <span class='ocrx_word' id='word_1_154' title='bbox 143 3035 211 3091; x_wconf 88' lang='lat' dir='ltr'><strong>tere</strong></span> <span class='ocrx_word' id='word_1_155' title='bbox 233 3029 314 3090; x_wconf 90' lang='lat' dir='ltr'><strong>hanc</strong></span> <span class='ocrx_word' id='word_1_156' title='bbox 336 3028 388 3090; x_wconf 90' lang='lat' dir='ltr'><strong>vel</strong></span> <span class='ocrx_word' id='word_1_157' title='bbox 418 3029 508 3092; x_wconf 92' lang='lat' dir='ltr'><strong>illam</strong></span> <span class='ocrx_word' id='word_1_158' title='bbox 531 3029 717 3112; x_wconf 80' lang='lat' dir='ltr'><strong>religionem</strong></span> <span class='ocrx_word' id='word_1_159' title='bbox 742 3034 956 3094; x_wconf 82' lang='lat' dir='ltr'><strong>Christianam</strong></span> <span class='ocrx_word' id='word_1_160' title='bbox 987 3034 1073 3095; x_wconf 82' lang='lat' dir='ltr'><strong>iuxta</strong></span> <span class='ocrx_word' id='word_1_161' title='bbox 1104 3031 1254 3113; x_wconf 89' lang='lat' dir='ltr'><strong>propriam</strong></span> 
     </span>
    </p>
   </div>
   <div class='ocr_carea' id='block_1_9' title="bbox 138 3134 1301 4171">
    <p class='ocr_par' dir='ltr' id='par_1_9' title="bbox 138 3134 1301 4171">
     <span class='ocr_line' id='line_1_26' title="bbox 144 3134 1301 3219; baseline 0.001 -25"><span class='ocrx_word' id='word_1_162' title='bbox 144 3135 374 3195; x_wconf 89' lang='lat' dir='ltr'><strong>convictionem</strong></span> <span class='ocrx_word' id='word_1_163' title='bbox 396 3136 589 3215; x_wconf 86' lang='lat' dir='ltr'><strong>profitendi,</strong></span> <span class='ocrx_word' id='word_1_164' title='bbox 621 3138 678 3199; x_wconf 86' lang='lat' dir='ltr'><strong>sed</strong></span> <span class='ocrx_word' id='word_1_165' title='bbox 701 3140 836 3217; x_wconf 86' lang='lat' dir='ltr'><strong>primum</strong></span> <span class='ocrx_word' id='word_1_166' title='bbox 859 3144 933 3219; x_wconf 88' lang='lat' dir='ltr'><strong>post</strong></span> <span class='ocrx_word' id='word_1_167' title='bbox 956 3143 1123 3217; x_wconf 86' lang='lat' dir='ltr'><strong>superatos</strong></span> <span class='ocrx_word' id='word_1_168' title='bbox 1147 3137 1254 3199; x_wconf 88' lang='lat' dir='ltr'><strong>disere·</strong></span> <span class='ocrx_word' id='word_1_169' title='bbox 1285 3134 1301 3215; x_wconf 96' lang='lat'>3</span> 
     </span>
     <span class='ocr_line' id='line_1_27' title="bbox 143 3239 1298 3324; baseline 0 -24"><span class='ocrx_word' id='word_1_170' title='bbox 143 3240 243 3300; x_wconf 90' lang='lat' dir='ltr'><strong>tionis</strong></span> <span class='ocrx_word' id='word_1_171' title='bbox 266 3258 376 3301; x_wconf 85' lang='lat' dir='ltr'><strong>annos.</strong></span> <span class='ocrx_word' id='word_1_172' title='bbox 416 3242 452 3312; x_wconf 84' lang='lat' dir='ltr'><strong>b)</strong></span> <span class='ocrx_word' id='word_1_173' title='bbox 478 3241 666 3304; x_wconf 87' lang='lat' dir='ltr'><strong>Parentibus</strong></span> <span class='ocrx_word' id='word_1_174' title='bbox 696 3243 841 3304; x_wconf 87' lang='lat' dir='ltr'><strong>diversae</strong></span> <span class='ocrx_word' id='word_1_175' title='bbox 869 3240 1037 3324; x_wconf 84' lang='lat' dir='ltr'><strong>religionis</strong></span> <span class='ocrx_word' id='word_1_176' title='bbox 1059 3239 1190 3322; x_wconf 87' lang='lat' dir='ltr'><strong>plenum</strong></span> <span class='ocrx_word' id='word_1_177' title='bbox 1214 3243 1254 3302; x_wconf 85' lang='lat' dir='ltr'><strong>los</strong></span> <span class='ocrx_word' id='word_1_178' title='bbox 1293 3296 1298 3301; x_wconf 91' lang='lat'>.</span> 
     </span>
     <span class='ocr_line' id='line_1_28' title="bbox 146 3340 1301 3430; baseline 0 -24"><span class='ocrx_word' id='word_1_179' title='bbox 146 3363 237 3423; x_wconf 88' lang='lat' dir='ltr'><strong>esse,</strong></span> <span class='ocrx_word' id='word_1_180' title='bbox 259 3342 309 3405; x_wconf 87' lang='lat' dir='ltr'><strong>vel</strong></span> <span class='ocrx_word' id='word_1_181' title='bbox 331 3364 392 3426; x_wconf 90' lang='lat' dir='ltr'><strong>ope</strong></span> <span class='ocrx_word' id='word_1_182' title='bbox 410 3353 576 3426; x_wconf 86' lang='lat' dir='ltr'><strong>pactorum</strong></span> <span class='ocrx_word' id='word_1_183' title='bbox 598 3347 872 3430; x_wconf 88' lang='lat' dir='ltr'><strong>antenuptialium,</strong></span> <span class='ocrx_word' id='word_1_184' title='bbox 895 3348 945 3410; x_wconf 84' lang='lat' dir='ltr'><strong>vel</strong></span> <span class='ocrx_word' id='word_1_185' title='bbox 967 3347 1104 3410; x_wconf 89' lang='lat' dir='ltr'><strong>aliorum</strong></span> <span class='ocrx_word' id='word_1_186' title='bbox 1125 3346 1254 3429; x_wconf 89' lang='lat' dir='ltr'><strong>legitime</strong></span> <span class='ocrx_word' id='word_1_187' title='bbox 1287 3340 1301 3423; x_wconf 73' lang='lat' dir='ltr'><strong>j</strong></span> 
     </span>
     <span class='ocr_line' id='line_1_29' title="bbox 138 3426 1301 3565; baseline 0.001 -54"><span class='ocrx_word' id='word_1_188' title='bbox 138 3450 295 3532; x_wconf 86' lang='lat' dir='ltr'><strong>initorum</strong></span> <span class='ocrx_word' id='word_1_189' title='bbox 320 3457 536 3513; x_wconf 81' lang='lat' dir='ltr'><strong>contractuum</strong></span> <span class='ocrx_word' id='word_1_190' title='bbox 569 3454 675 3534; x_wconf 86' lang='lat' dir='ltr'><strong>quoad</strong></span> <span class='ocrx_word' id='word_1_191' title='bbox 696 3454 939 3535; x_wconf 84' lang='lat' dir='ltr'><strong>impertiendam</strong></span> <span class='ocrx_word' id='word_1_192' title='bbox 969 3452 1118 3536; x_wconf 87' lang='lat' dir='ltr'><strong>prolibus</strong></span> <span class='ocrx_word' id='word_1_193' title='bbox 1141 3454 1206 3516; x_wconf 89' lang='lat' dir='ltr'><strong>suis</strong></span> <span class='ocrx_word' id='word_1_194' title='bbox 1230 3453 1255 3512; x_wconf 87' lang='lat' dir='ltr'><strong>io</strong></span> <span class='ocrx_word' id='word_1_195' title='bbox 1285 3426 1301 3565; x_wconf 63' lang='grc' dir='ltr'>Ξ</span> 
     </span>
     <span class='ocr_line' id='line_1_30' title="bbox 142 3552 1301 3640; baseline -0.001 -22"><span class='ocrx_word' id='word_1_196' title='bbox 142 3556 244 3636; x_wconf 86' lang='lat' dir='ltr'><strong>patris</strong></span> <span class='ocrx_word' id='word_1_197' title='bbox 267 3554 318 3616; x_wconf 90' lang='lat' dir='ltr'><strong>vel</strong></span> <span class='ocrx_word' id='word_1_198' title='bbox 340 3559 451 3619; x_wconf 87' lang='lat' dir='ltr'><strong>matris</strong></span> <span class='ocrx_word' id='word_1_199' title='bbox 472 3556 627 3639; x_wconf 85' lang='lat' dir='ltr'><strong>religione</strong></span> <span class='ocrx_word' id='word_1_200' title='bbox 649 3560 879 3621; x_wconf 86' lang='lat' dir='ltr'><strong>institutionem</strong></span> <span class='ocrx_word' id='word_1_201' title='bbox 902 3579 1002 3640; x_wconf 87' lang='lat' dir='ltr'><strong>usque</strong></span> <span class='ocrx_word' id='word_1_202' title='bbox 1031 3559 1073 3622; x_wconf 88' lang='lat' dir='ltr'><strong>ad</strong></span> <span class='ocrx_word' id='word_1_203' title='bbox 1095 3552 1257 3621; x_wconf 75' lang='lat' dir='ltr'><strong>annos&#39;di·</strong></span> <span class='ocrx_word' id='word_1_204' title='bbox 1295 3568 1301 3593; x_wconf 76' lang='lat'>³</span> 
     </span>
     <span class='ocr_line' id='line_1_31' title="bbox 145 3658 1260 3738; baseline -0.002 -14"><span class='ocrx_word' id='word_1_205' title='bbox 145 3663 317 3724; x_wconf 88' lang='lat' dir='ltr'><strong>scretiouis</strong></span> <span class='ocrx_word' id='word_1_206' title='bbox 347 3658 528 3725; x_wconf 79' lang='lat' dir='ltr'><strong>duraturam</strong></span> <span class='ocrx_word' id='word_1_207' title='bbox 557 3665 641 3725; x_wconf 87' lang='lat' dir='ltr'><strong>inter</strong></span> <span class='ocrx_word' id='word_1_208' title='bbox 678 3686 711 3727; x_wconf 89' lang='lat' dir='ltr'><strong>sc</strong></span> <span class='ocrx_word' id='word_1_209' title='bbox 742 3665 962 3728; x_wconf 89' lang='lat' dir='ltr'><strong>conveniendi.</strong></span> <span class='ocrx_word' id='word_1_210' title='bbox 1011 3672 1042 3738; x_wconf 88' lang='lat' dir='ltr'><strong>o)</strong></span> <span class='ocrx_word' id='word_1_211' title='bbox 1079 3665 1112 3726; x_wconf 95' lang='lat' dir='ltr'><strong>in</strong></span> <span class='ocrx_word' id='word_1_212' title='bbox 1143 3662 1260 3728; x_wconf 85' lang='lat' dir='ltr'><strong>deiecto</strong></span> 
     </span>
     <span class='ocr_line' id='line_1_32' title="bbox 145 3766 1261 3856; baseline 0.002 -27"><span class='ocrx_word' id='word_1_213' title='bbox 145 3766 330 3829; x_wconf 88' lang='lat' dir='ltr'><strong>huiusmodi</strong></span> <span class='ocrx_word' id='word_1_214' title='bbox 362 3770 578 3856; x_wconf 71' lang='lat' dir='ltr'><strong>conventiopis</strong></span> <span class='ocrx_word' id='word_1_215' title='bbox 609 3769 718 3851; x_wconf 87' lang='lat' dir='ltr'><strong>proles</strong></span> <span class='ocrx_word' id='word_1_216' title='bbox 750 3767 907 3832; x_wconf 87' lang='lat' dir='ltr'><strong>masculas</strong></span> <span class='ocrx_word' id='word_1_217' title='bbox 939 3771 1061 3849; x_wconf 87' lang='lat' dir='ltr'><strong>patris,</strong></span> <span class='ocrx_word' id='word_1_218' title='bbox 1097 3768 1261 3833; x_wconf 79' lang='lat' dir='ltr'><strong>foemellas</strong></span> 
     </span>
     <span class='ocr_line' id='line_1_33' title="bbox 146 3873 1265 3957; baseline 0.003 -24"><span class='ocrx_word' id='word_1_219' title='bbox 146 3873 257 3934; x_wconf 92' lang='lat' dir='ltr'><strong>matris</strong></span> <span class='ocrx_word' id='word_1_220' title='bbox 280 3873 629 3955; x_wconf 64' lang='lat' dir='ltr'><strong>confessionemasequi</strong></span> <span class='ocrx_word' id='word_1_221' title='bbox 652 3874 788 3956; x_wconf 87' lang='lat' dir='ltr'><strong>debere,</strong></span> <span class='ocrx_word' id='word_1_222' title='bbox 820 3881 854 3936; x_wconf 93' lang='lat' dir='ltr'><strong>ut</strong></span> <span class='ocrx_word' id='word_1_223' title='bbox 874 3876 919 3937; x_wconf 88' lang='lat' dir='ltr'><strong>ita</strong></span> <span class='ocrx_word' id='word_1_224' title='bbox 941 3875 1176 3957; x_wconf 86' lang='lat' dir='ltr'><strong>quodammodo</strong></span> <span class='ocrx_word' id='word_1_225' title='bbox 1205 3876 1265 3938; x_wconf 89' lang='lat' dir='ltr'><strong>luri</strong></span> 
     </span>
     <span class='ocr_line' id='line_1_34' title="bbox 145 3978 1266 4063; baseline 0.003 -24"><span class='ocrx_word' id='word_1_226' title='bbox 145 3979 310 4057; x_wconf 83' lang='lat' dir='ltr'><strong>utriusque</strong></span> <span class='ocrx_word' id='word_1_227' title='bbox 330 3979 475 4060; x_wconf 87' lang='lat' dir='ltr'><strong>coniugis</strong></span> <span class='ocrx_word' id='word_1_228' title='bbox 492 3978 663 4042; x_wconf 81' lang='lat' dir='ltr'><strong>deleratur.</strong></span> <span class='ocrx_word' id='word_1_229' title='bbox 687 3981 724 4054; x_wconf 91' lang='lat' dir='ltr'><strong>d)</strong></span> <span class='ocrx_word' id='word_1_230' title='bbox 746 3982 900 4043; x_wconf 85' lang='lat' dir='ltr'><strong>Cessante</strong></span> <span class='ocrx_word' id='word_1_231' title='bbox 917 4002 974 4063; x_wconf 89' lang='lat' dir='ltr'><strong>per</strong></span> <span class='ocrx_word' id='word_1_232' title='bbox 989 3983 1161 4044; x_wconf 87' lang='lat' dir='ltr'><strong>transitum</strong></span> <span class='ocrx_word' id='word_1_233' title='bbox 1177 3983 1266 4044; x_wconf 86' lang='lat' dir='ltr'><strong>unlus</strong></span> 
     </span>
     <span class='ocr_line' id='line_1_35' title="bbox 146 4081 1270 4171; baseline 0.005 -27"><span class='ocrx_word' id='word_1_234' title='bbox 146 4084 291 4163; x_wconf 84' lang='lat' dir='ltr'><strong>coniugis</strong></span> <span class='ocrx_word' id='word_1_235' title='bbox 313 4081 354 4145; x_wconf 93' lang='lat' dir='ltr'><strong>ad</strong></span> <span class='ocrx_word' id='word_1_236' title='bbox 377 4083 474 4147; x_wconf 88' lang='lat' dir='ltr'><strong>iidem</strong></span> <span class='ocrx_word' id='word_1_237' title='bbox 496 4083 626 4150; x_wconf 83' lang='lat' dir='ltr'><strong>alterius</strong></span> <span class='ocrx_word' id='word_1_238' title='bbox 649 4087 849 4150; x_wconf 84' lang='lat' dir='ltr'><strong>matrimonio</strong></span> <span class='ocrx_word' id='word_1_239' title='bbox 873 4087 984 4168; x_wconf 85' lang='lat' dir='ltr'><strong>mixto,</strong></span> <span class='ocrx_word' id='word_1_240' title='bbox 1005 4084 1116 4168; x_wconf 86' lang='lat' dir='ltr'><strong>proles</strong></span> <span class='ocrx_word' id='word_1_241' title='bbox 1136 4083 1270 4171; x_wconf 84' lang='lat' dir='ltr'><strong>religio·</strong></span> 
     </span>
    </p>
   </div>
   <div class='ocr_carea' id='block_1_10' title="bbox 164 4270 442 4359">
    <p class='ocr_par' dir='ltr' id='par_1_10' title="bbox 164 4270 442 4359">
     <span class='ocr_line' id='line_1_36' title="bbox 164 4270 442 4359; baseline -0.007 -9"><span class='ocrx_word' id='word_1_242' title='bbox 164 4280 182 4313; x_wconf 65' lang='lat'><strong>⁸*</strong></span> <span class='ocrx_word' id='word_1_243' title='bbox 215 4270 283 4359; x_wconf 70' lang='lat' dir='ltr'><strong>¹sotto)</strong></span> <span class='ocrx_word' id='word_1_244' title='bbox 303 4298 338 4346; x_wconf 78' lang='lat' dir='ltr'><strong>cs.</strong></span> <span class='ocrx_word' id='word_1_245' title='bbox 356 4292 379 4359; x_wconf 80' lang='lat' dir='ltr'><strong>o.</strong></span> <span class='ocrx_word' id='word_1_246' title='bbox 399 4297 442 4348; x_wconf 76' lang='lat' dir='ltr'><strong>so.</strong></span> 
     </span>
    </p>
   </div>
   <div class='ocr_carea' id='block_1_11' title="bbox 0 0 1404 4838">
    <p class='ocr_par' dir='ltr' id='par_1_11' title="bbox 0 0 1404 4838">
     <span class='ocr_line' id='line_1_37' title="bbox 0 0 1404 4838; baseline 0 0"><span class='ocrx_word' id='word_1_247' title='bbox 0 0 1404 4838; x_wconf 95' lang='lat' dir='ltr'><strong> </strong></span> 
     </span>
    </p>
   </div>
  </div>
 </body>
</html>
