2782 4830
109 428 192 490 iatlr.
218 445 354 511 prorsus
376 425 562 507 derogantis
584 423 775 489 reclamavit.
807 426 887 487 eum
909 428 1013 487 autem
1028 421 1125 505 panio
1147 432 1224 508 post
1319 482 1323 490 .

109 536 307 611 tescriptum
329 532 504 595 Ministerii
531 533 572 594 R.
599 532 718 594 interitu
749 530 923 592 cassandae
951 529 1141 613 Enoyclicae
1163 531 1223 593 Ar·

110 639 299 721 hicpiacopi
328 636 483 720 epistolae
513 642 712 699 emanassets
743 655 803 718 ope
824 637 928 698 Notae
950 635 990 698 de
1012 642 1064 699 25.
1081 634 1144 699 lul.
1166 635 1224 700 ad·

109 765 212 807 'ersus
236 763 348 804 norum
372 746 433 804 hoc
451 743 627 822 liegiminis
645 743 812 805 Decretum
830 762 929 823 aeque
945 744 1118 824 protestari
1138 741 1223 806 idem

109 853 256 913 §summus
279 849 428 911 Pontifex
449 848 632 927 festinavit,
664 868 818 912 summum
850 846 996 910 dolorem
1026 869 1118 911 snum
1139 848 1224 911 haud

109 955 258 1034 :elando,
281 952 367 1035 quod
388 952 573 1016 huiusmodi
602 953 687 1017 facta
712 953 868 1016 (ivvbcrnil
896 953 1039 1017 libertati
1060 953 1224 1018 Ifeclesise

109 1071 134 1124 et
156 1058 341 1142 Religionis
363 1078 561 1141 summopere
584 1060 824 1140 praeiudicant,
846 1067 879 1123 et
909 1059 1031 1123 directe
1058 1058 1094 1123 ld
1121 1063 1226 1124 lnten·
1292 1133 1295 1139 ,

109 1165 196 1246 dant,
218 1171 256 1228 ut
283 1163 396 1228 fideles
426 1186 497 1227 cum
520 1168 683 1227 contemtu
715 1172 747 1227 et
768 1163 916 1246 neglectu
947 1167 1146 1229 sanctionum
1172 1186 1226 1230 ca-

110 1274 285 1334 nonicarum
316 1269 404 1353 leges
435 1269 587 1334 duntaxat
616 1268 725 1334 civiles
747 1273 781 1333 in
803 1273 899 1336 rebus
927 1269 1094 1353 religionis
1115 1274 1226 1337 obser·

113 1385 182 1441 pent·
203 1375 267 1452 618)

202 1482 494 1546 Protestationibus
522 1482 574 1545 his
606 1479 727 1543 nullum
761 1481 907 1546 ellectum
939 1481 1024 1564 apud
1055 1484 1136 1565 Reg.
1161 1484 1228 1548 ura·
1358 1504 1361 1510 ·

118 1589 247 1652 bernium
278 1590 514 1668 obtinentibus,
546 1588 694 1650 Summus
716 1586 867 1650 Pontifex
895 1607 957 1669 ope
988 1584 1230 1652 Allocutio-

118 1694 534 1776 oisde13.Sept.1838.
565 1690 687 1755 illatam
719 1690 823 1754 denuo
856 1711 916 1776 per
938 1692 1133 1756 aneraiom
1167 1695 1229 1760 Bo·
1354 1750 1360 1769 „

120 1802 261 1863 russicam
292 1805 357 1862 tam
378 1796 546 1862 Ecclesiae
578 1799 763 1860 auctoritati
793 1804 825 1861 et
851 1796 1013 1878 libertati,
1044 1817 1137 1878 qnam
1158 1798 1231 1863 Pri·

119 1908 201 1969 natui
225 1926 284 1968 suo
307 1906 456 1968 iniuriam
488 1904 536 1967 ad·
551 1905 698 1967 notitiam
728 1904 819 1966 Sacri
842 1903 1059 1985 Cardlnalium
1089 1902 1229 1987 collegii

121 2016 146 2077 et
163 2014 261 2074 totius
286 2012 383 2074 Orbis
412 2007 573 2072 Catholici
601 2009 843 2093 perferendam,
872 2029 1012 2090 voceque
1042 2010 1230 2092 Apostolica

120 2116 258 2180 adversus
284 2117 442 2179 Gurbernii
463 2117 560 2196 Regii
589 2116 622 2178 in
653 2136 749 2178 causa
771 2116 1015 2199 Archiepisoopi
1037 2116 1233 2195 Posuanien·

120 2223 156 2285 sis
176 2224 332 2285 iniuriosa
361 2227 433 2283 aeta
464 2220 612 2302 factaque
635 2219 898 2302 expostulandum
930 2220 1082 2285 decrevit.
1122 2223 1231 2303 Primo

120 2324 206 2409 igitur
228 2349 265 2391 ea
288 2327 498 2412 perstringit,
520 2347 602 2408 quae
623 2328 656 2388 in
678 2327 855 2391 Provinciis
879 2326 1139 2409 Occidentalibus
1155 2334 1235 2412 ‘post

121 2433 261 2497 violenter
290 2432 462 2496 abductum
484 2432 770 2515 Archiepiscopum
794 2431 1017 2499 coloniensem
1048 2441 1231 2515 evenensnt,

123 2539 271 2621 signanter
292 2538 455 2623 prohibita
478 2536 678 2600 decretorum
701 2538 944 2619 Pontificiorum
966 2539 1000 2599 in
1028 2539 1173 2619 Regnum
1194 2538 1235 2617 il-

124 2639 210 2724 latio,
236 2650 267 2706 et
289 2643 443 2726 impedita
467 2662 538 2704 cum
561 2640 645 2703 Sede
667 2640 857 2725 Apostolica
878 2644 1132 2711 communicatio.
1153 2645 1235 2707 Dein

121 2747 154 2821 ad
173 2770 229 2832 ea,
251 2769 332 2831 quae
355 2768 426 2811 cum
442 2747 694 2829 Archiepisoopo
716 2748 928 2831 Posuaniensi
942 2748 1139 2831 Guberninm
1157 2749 1234 2830 egit,

125 2873 281 2920 conversus
304 2855 473 2933 Pontifex,
497 2852 639 2934 exposita
662 2851 822 2915 succincta
845 2853 1070 2931 eansaoslatius
1085 2852 1235 2939 historia,

126 2960 356 3042 collandatoque
379 2955 658 3040 Archipraesnlis,
687 2956 866 3035 doctrinam
888 2955 1054 3021 Ecclesiae
1085 2964 1117 3022 et
1136 2957 1237 3022 liber-

126 3068 206 3130 tatem
231 3065 416 3130 Catholicae
439 3064 622 3146 Religionis
643 3063 1127 3148 invictissime-propugnantis,
1155 3063 1239 3152 selo,

128 3175 240 3252 quaevis
265 3172 422 3235 Garberoii
443 3168 579 3233 consilia
609 3175 641 3232 et
662 3175 733 3232 acta
762 3186 888 3233 ramora
907 3175 1164 3234 onmEootoatoe
1184 3177 1238 3249 io·
1339 3172 1341 3177 ’

128 3277 199 3342 urie
219 3298 257 3341 oe
276 3281 417 3358 pernicie
445 3286 554 3355 coepta
582 3275 785 3355 perfectaque
802 3275 940 3361 ,nonasp
959 3296 1060 3358 eoque
1072 3332 1075 3347 ,
1089 3279 1238 3358 graviora

130 3398 185 3447 esse
206 3382 412 3469 pronunciat,
435 3380 521 3462 quod
543 3379 584 3443 ad
603 3382 847 3447 constitutionis
857 3368 1106 3466 :ecclesiasticae
1129 3382 1236 3465 divino

130 3484 184 3553 tore
205 3492 297 3553 nixae
326 3489 388 3549 vim
410 3489 536 3571 penitus
560 3484 776 3566 evertendam,
808 3494 840 3548 et
868 3485 909 3549 ad
924 3489 1099 3570 ¹regiones„
1118 3480 1237 3567 Borne-

132 3591 201 3657 sicas
223 3616 242 3658 a
265 3590 452 3656 Catholicae
483 3592 617 3661 unitatis
649 3597 758 3665 centro
788 3589 983 3673 separandas
1010 3597 1124 3673 aperte
1152 3593 1237 3656 refe-

133 3706 245 3764 ratur:
258 3699 353 3787 ¹facta
374 3700 481 3783 itaque
503 3697 583 3759 haec
607 3695 763 3773 Gubernii
786 3695 982 3779 detrimento.
994 3695 1161 3778 ¹Ecclesiae
1182 3719 1239 3781 pa-

134 3803 201 3870 aaa
222 3805 410 3888 gravissime
433 3799 633 3887 expostulat,
663 3821 722 3863 neo
744 3799 899 3885 dubitare,
913 3821 957 3864 see
971 3803 1160 3887 profitetur,
1188 3824 1240 3871 oe-

136 3907 205 3974 teros
237 3929 363 3993 quoque
384 3909 494 3992 Regni,
512 3904 675 3997 Borussioi
704 3906 868 3987 Episopos
897 3926 1159 3989 memoressuae
1189 3904 1239 3992 di-

136 4016 250 4087 solutis
274 4021 307 4079 et
326 4013 501 4103 iuramenti
519 4012 687 4089 occasione
708 4012 972 4095 inaugurationls
991 4031 1068 4089 suae
1099 4012 1138 4078 de
1170 4033 1241 4093 exe-

138 4121 256 4215 quendis
278 4120 480 4215 sanctionum
498 4117 722 4207 canonicarum
743 4115 865 4195 officiis
881 4119 1044 4202 praestiti,
1065 4118 1164 4203 Ι11ι1ιειιι
1180 4119 1241 4197 Ar·

141 4255 367 4284 Νη--ι-

194 4350 260 4420 ora)
278 4355 341 4408 vid.
360 4367 429 4417 opus
447 4357 499 4404 not.
518 4347 591 4402 608.
610 4350 717 4401 citatam
736 4360 796 4414 pag:
816 4342 1002 4401 'itlaessbtdns
1015 4338 1074 4397 ssl'
1103 4354 1122 4388 .·
1213 4385 1215 4392 ,

958 4443 997 4499 21
1022 4436 1041 4476 ³*
