2798 4838
570 284 623 305 -·
643 248 730 332 ,4θὶ
751 284 805 327 ·-·,

134 388 355 458 Resoludonis
381 389 535 455 nonnulla
571 399 694 457 tantum
728 413 786 475 per
815 394 999 469 universum
1029 395 1175 478 Regmun
1201 416 1252 477 pro

83 567 86 571 ,
133 495 573 563 οΙιιοινιιιιιὶιοιίιοιιΙιιιΙῑει·
600 506 674 564 sunt
695 497 877 580 publicata,
905 499 969 563 alia
999 508 1108 566 autem
1135 503 1255 565 nonnisi

133 624 193 688 pro
208 602 386 668 directione
404 604 656 668 DieasterIorurn
674 605 896 678 deserviebant
908 607 944 669 in
963 606 1153 672 decidendis
1169 626 1255 686 qnae-

132 710 294 775 stionihus
315 712 550 776 controversis.
578 742 616 755 -
649 711 714 774 Sub
743 712 900 793 regimine
940 718 1066 777 Mariae
1097 718 1256 776 steresios

132 817 299 881 tentabant
319 816 467 896 equidem
496 836 556 900 pro
579 836 669 879 more
690 815 873 882 Acatholici
904 838 976 881 cam
997 821 1161 882 veteribus
1191 838 1255 900 gra·

132 922 327 1002 vaminihus,
359 921 495 1002 quaein
518 921 676 986 obsoletis
705 941 826 1003 perque
847 925 953 986 varios
975 931 1083 987 motus
1111 943 1255 1006 procura·

127 1029 179 1092 tls
197 1025 333 1110 legibus
362 1010 559 1109 fundabant,
588 1048 776 1092 recurreres
807 1027 866 1092 sed
896 1050 967 1092 cum
995 1050 1054 1109 per
1085 1031 1255 1109 Dicasteria

132 1135 375 1215 conprobatum
395 1132 534 1213 fuisset,
561 1132 602 1197 de
623 1132 724 1197 nullis
745 1135 922 1199 meritoriis
946 1137 1183 1216 gravaminibus
1197 1158 1256 1199 eos

132 1239 225 1321 queri
253 1255 373 1322 posse,
406 1238 472 1302 imo
504 1241 612 1322 potius
653 1238 745 1320 plura
775 1246 888 1304 eontra
917 1241 1058 1322 rigorem
1087 1240 1194 1322 legum
1228 1251 1253 1305 ei

135 1342 382 1409 liesnlutlonum
411 1347 586 1429 Regiarum
614 1366 652 1409 en
679 1346 783 1427 gratia
802 1353 833 1408 et
855 1344 1034 1410 Clementia
1049 1349 1158 1428 ‘Regia
1188 1349 1252 1410 hae·

132 1459 226 1515 mnus
269 1448 478 1531 dissimulata
505 1452 627 1532 fuisse,
656 1453 790 1532 priores
824 1451 1082 1526 fundamentales
1112 1452 1203 1535 leges
1229 1463 1253 1516 et

133 1552 293 1639 normales
316 1538 542 1622 Resolutiones
564 1559 705 1638 Regiae,
733 1560 920 1639 cumprimis
937 1557 1094 1623 iiarolina
1113 1561 1158 1621 ln
1180 1569 1253 1622 statu

96 1696 98 1701 ·
133 1641 192 1726 suo
220 1658 354 1726 relictae
386 1670 470 1726 sunt.
497 1665 589 1728 Anno
621 1672 726 1727 tamen
758 1669 851 1728 1745.
891 1666 925 1727 in
960 1664 1068 1728 iorma
1093 1663 1253 1728 ulterioris

131 1766 376 1851 Explanationis
398 1768 576 1833 admissum
596 1768 666 1832 illis
689 1777 786 1851 erat,
810 1777 844 1833 ut
865 1768 986 1850 templa
1007 1773 1144 1833 ruinosa
1172 1791 1255 1854 repa-

55 1890 59 1899 ’
132 1894 206 1938 rare
237 1881 272 1938 et
299 1895 360 1957 pro
388 1876 513 1939 ratione
541 1878 665 1938 numeri
695 1875 810 1959 populi
839 1875 1010 1939 extendere
1037 1880 1191 1965 possint,
1216 1881 1254 1940 ita

133 1989 259 2060 minan,
281 1988 318 2044 ut
345 1982 436 2063 prius
465 1979 510 2044 ad
530 1982 681 2044 thronum
704 1983 840 2064 Regium
866 1991 1052 2068 recurrant,
1083 1973 1117 2045 et
1139 1983 1254 2066 exposi-

133 2087 232 2151 tionis
263 2084 512 2168 supplicantium
542 2086 691 2168 realiter,
722 2090 872 2155 instituta
900 2091 1028 2170 praevie
1059 2089 1193 2172 publiea
1214 2089 1255 2153 in-

133 2193 366 2275 vestigatione,
388 2194 581 2257 authenticis
600 2195 829 2276 comprobetur
858 2193 1070 2260 documentis.
1098 2198 1193 2261 Auno
1211 2215 1254 2259 ve
1296 2188 1298 2265 ζ

42 2304 47 2311 ’
133 2319 172 2363 ro
198 2303 292 2363 1749.
314 2296 451 2361 ulterior
472 2298 576 2362 adbuc
597 2298 986 2382 normalisexplahatoria
1003 2300 1181 2367 Resolutio
1199 2300 1254 2364 edi·

134 2413 168 2472 ts
188 2378 268 2467 fuit'
283 2403 325 2469 ad
346 2402 552 2468 resolvendas
574 2403 745 2470 nonnullas
776 2409 809 2468 in
839 2410 973 2472 materia
997 2406 1175 2490 religionis
1195 2427 1254 2471 rur·

133 2529 206 2576 sum
238 2517 366 2573 exortas
396 2512 620 2591 quaestiones,
661 2513 846 2593 cumprimis
875 2520 981 2577 autern
1016 2516 1105 2595 circa
1138 2516 1254 2579 modun
1295 2508 1298 2519 '

135 2627 246 2681 contra
276 2618 451 2699 Apostatas
480 2616 699 2703 procedendi,
731 2617 771 2681 de
800 2621 952 2700 orphanis
989 2628 1019 2683 et
1049 2621 1200 2702 prolibus
1225 2638 1254 2682 er

134 2723 314 2788 differentis
334 2721 503 2805 religionis
525 2725 728 2792 matrimonio
750 2728 917 2807 prognatis
937 2726 970 2788 in
992 2726 1078 2791 Fide
1098 2726 1253 2792 catholiea

135 2828 312 2894 educandis
352 2827 495 2910 (dequo
525 2831 655 2899 uberius
683 2850 741 2894 suo
762 2829 874 2913 loeo),
905 2831 1034 2895 demum
1066 2832 1108 2897 de
1141 2855 1198 2915 eo,
1224 2851 1254 2894 ne

134 2933 294 3000 Ministris
316 2916 516 2999 acatholicis
547 2933 632 3000 ultra
660 2938 862 3000 mansionum
891 2959 1021 3009 suarum
1051 2937 1128 3004 loca
1159 2958 1254 3004 excur-

133 3061 227 3125 rere,
257 3046 290 3105 et
316 3043 352 3105 iu
381 3042 595 3124 parochorum
625 3041 859 3110 catholicorum
894 3046 966 3108 iura
1004 3045 1155 3110 involare
1185 3049 1253 3109 inte·

135 3165 228 3227 mum
249 3146 304 3237 sit.

235 3253 272 3325 e)
304 3250 587 3317 Reilexioues
625 3275 674 3319 ax
709 3255 998 3338 praecedenti
1036 3257 1254 3321 historica

136 3355 442 3421 delineatione
478 3365 621 3423 status
667 3359 876 3443 religiosi
913 3362 1253 3426 Protestantiun

135 3461 358 3528 deductae.
389 3444 553 3528 llistorico
584 3473 759 3547 conspeetu
786 3469 908 3548 negotii
929 3466 1136 3549 religionarii
1157 3472 1254 3534 Prote·

135 3572 288 3638 stantium
308 3566 410 3632 relate
442 3569 483 3636 ad
510 3570 726 3634 dominantem
755 3574 788 3634 in
826 3574 936 3654 Regno
952 3572 1179 3657 Religionem
1207 3577 1253 3638 iia·

133 3676 291 3742 tholicam
313 3676 477 3757 exhibito,
498 3676 668 3739 nonnullas
690 3681 882 3756 vellemannes
903 3681 1143 3762 subiungimus.
1169 3690 1197 3747 1.
1215 3681 1253 3742 in·

136 3785 249 3865 primis
267 3803 284 3845 e
300 3783 478 3863 praemissa
495 3782 631 3846 historia
651 3786 855 3866 perspicuum
871 3805 942 3847 esse
960 3806 1152 3869 censemus,
1176 3805 1251 3870 quae·

136 3909 209 3954 nam
237 3892 396 3968 principio
425 3889 629 3970 potissImum
659 3898 800 3953 assumta
838 3891 960 3953 fuerint
997 3892 1041 3955 ad
1075 3892 1253 3959 decidendas

137 3976 341 4078 quaestiones
363 3989 598 4076 religiosarias.
629 3998 663 4069 a)
680 3995 836 4079 Princeps
859 3999 1020 4061 obiectum
1043 4008 1116 4065 erat
1135 4016 1253 4082 semper,

136 4121 178 4171 sse
205 4121 264 4180 per
285 4105 495 4178 receptionem
525 4103 731 4181 Augusteum
753 4123 793 4166 ae
812 4107 992 4166 Helveticae
1014 4107 1253 4182 confessiones,

45 4237 48 4243 ·
136 4209 346 4286 &firmiorque
374 4210 561 4273 maroniae
582 4212 696 4272 limites
723 4213 956 4289 praeiudicium
986 4218 1163 4292 quodpiam
1181 4212 1253 4275 aab·

136 4317 222 4394 pioni
243 4315 463 4379 ibccibolicae
483 4314 662 4390 inferatur.-
692 4333 729 4379 ae
758 4313 833 4380 ideo
862 4314 942 4382 haee
963 4312 1111 4385 clausula
1144 4319 1178 4383 in
1195 4317 1252 4398 ipso
