<?xml version="1.0" encoding="UTF-8"?>
<!DOCTYPE html PUBLIC "-//W3C//DTD XHTML 1.0 Transitional//EN"
    "http://www.w3.org/TR/xhtml1/DTD/xhtml1-transitional.dtd">
<html xmlns="http://www.w3.org/1999/xhtml" xml:lang="en" lang="en">
 <head>
  <title>
</title>
<meta http-equiv="Content-Type" content="text/html;charset=utf-8" />
  <meta name='ocr-system' content='tesseract 3.04.00' />
  <meta name='ocr-capabilities' content='ocr_page ocr_carea ocr_par ocr_line ocrx_word'/>
</head>
<body>
  <div class='ocr_page' id='page_1' title='image "./dematrimoniismi01roskgoog/dematrimoniismi01roskgoog_0397.png"; bbox 0 0 2798 4838; ppageno 0'>
   <div class='ocr_carea' id='block_1_1' title="bbox 588 232 817 306">
    <p class='ocr_par' dir='ltr' id='par_1_1' title="bbox 588 232 817 306">
     <span class='ocr_line' id='line_1_1' title="bbox 588 232 817 306; baseline 0 -2"><span class='ocrx_word' id='word_1_1' title='bbox 588 270 639 286; x_wconf 93' lang='lat'>—</span> <span class='ocrx_word' id='word_1_2' title='bbox 664 232 817 306; x_wconf 71' lang='lat'><strong>87⁰-</strong></span> 
     </span>
    </p>
   </div>
   <div class='ocr_carea' id='block_1_2' title="bbox 47 372 1291 3210">
    <p class='ocr_par' dir='ltr' id='par_1_2' title="bbox 47 372 1289 2138">
     <span class='ocr_line' id='line_1_2' title="bbox 137 372 1254 464; baseline -0.007 -18"><span class='ocrx_word' id='word_1_3' title='bbox 137 393 187 447; x_wconf 85' lang='lat' dir='ltr'><strong>tes</strong></span> <span class='ocrx_word' id='word_1_4' title='bbox 207 388 283 464; x_wconf 81' lang='lat' dir='ltr'><strong>post</strong></span> <span class='ocrx_word' id='word_1_5' title='bbox 300 380 416 443; x_wconf 81' lang='lat' dir='ltr'><strong>Pacem</strong></span> <span class='ocrx_word' id='word_1_6' title='bbox 434 372 683 457; x_wconf 85' lang='lat' dir='ltr'><strong>Westpbalicam</strong></span> <span class='ocrx_word' id='word_1_7' title='bbox 701 376 958 456; x_wconf 76' lang='lat' dir='ltr'><strong>ciliongressum</strong></span> <span class='ocrx_word' id='word_1_8' title='bbox 974 374 1190 440; x_wconf 84' lang='lat' dir='ltr'><strong>Viennensem</strong></span> <span class='ocrx_word' id='word_1_9' title='bbox 1206 393 1254 458; x_wconf 90' lang='lat' dir='ltr'><strong>pro</strong></span> 
     </span>
     <span class='ocr_line' id='line_1_3' title="bbox 137 478 1255 564; baseline -0.007 -12"><span class='ocrx_word' id='word_1_10' title='bbox 137 486 310 552; x_wconf 74' lang='lat' dir='ltr'><strong>haereticis</strong></span> <span class='ocrx_word' id='word_1_11' title='bbox 329 502 370 549; x_wconf 86' lang='lat' dir='ltr'><strong>ne</strong></span> <span class='ocrx_word' id='word_1_12' title='bbox 384 479 604 544; x_wconf 81' lang='lat' dir='ltr'><strong>ecclesiastico</strong></span> <span class='ocrx_word' id='word_1_13' title='bbox 622 478 748 560; x_wconf 87' lang='lat' dir='ltr'><strong>quidem</strong></span> <span class='ocrx_word' id='word_1_14' title='bbox 765 487 915 560; x_wconf 85' lang='lat' dir='ltr'><strong>respectu</strong></span> <span class='ocrx_word' id='word_1_15' title='bbox 931 481 1044 544; x_wconf 83' lang='lat' dir='ltr'><strong>baberi</strong></span> <span class='ocrx_word' id='word_1_16' title='bbox 1061 500 1180 564; x_wconf 80' lang='lat' dir='ltr'><strong>posse,</strong></span> <span class='ocrx_word' id='word_1_17' title='bbox 1194 501 1255 544; x_wconf 89' lang='lat' dir='ltr'><strong>cun</strong></span> 
     </span>
     <span class='ocr_line' id='line_1_4' title="bbox 100 585 1256 674; baseline -0.005 -18"><span class='ocrx_word' id='word_1_18' title='bbox 100 591 103 595; x_wconf 79' lang='grc'><strong>’</strong></span> <span class='ocrx_word' id='word_1_19' title='bbox 137 594 251 674; x_wconf 81' lang='lat' dir='ltr'><strong>dogma</strong></span> <span class='ocrx_word' id='word_1_20' title='bbox 275 590 315 652; x_wconf 90' lang='lat' dir='ltr'><strong>de</strong></span> <span class='ocrx_word' id='word_1_21' title='bbox 335 609 398 651; x_wconf 89' lang='lat' dir='ltr'><strong>una</strong></span> <span class='ocrx_word' id='word_1_22' title='bbox 423 585 567 650; x_wconf 83' lang='lat' dir='ltr'><strong>salvifica</strong></span> <span class='ocrx_word' id='word_1_23' title='bbox 582 587 615 647; x_wconf 94' lang='lat' dir='ltr'><strong>in</strong></span> <span class='ocrx_word' id='word_1_24' title='bbox 633 586 803 648; x_wconf 78' lang='lat' dir='ltr'><strong>Germania</strong></span> <span class='ocrx_word' id='word_1_25' title='bbox 826 585 948 649; x_wconf 81' lang='lat' dir='ltr'><strong>frustra</strong></span> <span class='ocrx_word' id='word_1_26' title='bbox 963 586 1121 651; x_wconf 71' lang='lat' dir='ltr'><strong>nodatur.</strong></span> <span class='ocrx_word' id='word_1_27' title='bbox 1145 590 1183 662; x_wconf 91' lang='lat' dir='ltr'><strong>b)</strong></span> <span class='ocrx_word' id='word_1_28' title='bbox 1202 587 1256 651; x_wconf 84' lang='lat' dir='ltr'><strong>Nea</strong></span> 
     </span>
     <span class='ocr_line' id='line_1_5' title="bbox 136 690 1254 773; baseline -0.005 -11"><span class='ocrx_word' id='word_1_29' title='bbox 136 720 155 762; x_wconf 85' lang='lat' dir='ltr'><strong>a</strong></span> <span class='ocrx_word' id='word_1_30' title='bbox 175 697 329 762; x_wconf 83' lang='lat' dir='ltr'><strong>Romanis</strong></span> <span class='ocrx_word' id='word_1_31' title='bbox 353 693 567 756; x_wconf 82' lang='lat' dir='ltr'><strong>Pontificibus</strong></span> <span class='ocrx_word' id='word_1_32' title='bbox 589 691 748 773; x_wconf 90' lang='lat' dir='ltr'><strong>principia</strong></span> <span class='ocrx_word' id='word_1_33' title='bbox 773 692 890 754; x_wconf 67' lang='lat' dir='ltr'><strong>ventis</strong></span> <span class='ocrx_word' id='word_1_34' title='bbox 907 690 1076 756; x_wconf 70' lang='lat' dir='ltr'>Ecclesiae</span> <span class='ocrx_word' id='word_1_35' title='bbox 1102 691 1145 756; x_wconf 82' lang='lat' dir='ltr'><strong>dc</strong></span> <span class='ocrx_word' id='word_1_36' title='bbox 1172 701 1254 756; x_wconf 87' lang='lat' dir='ltr'><strong>mair.</strong></span> 
     </span>
     <span class='ocr_line' id='line_1_6' title="bbox 135 795 1256 885; baseline -0.004 -18"><span class='ocrx_word' id='word_1_37' title='bbox 135 804 265 881; x_wconf 82' lang='lat' dir='ltr'><strong>mixtis,</strong></span> <span class='ocrx_word' id='word_1_38' title='bbox 295 802 548 864; x_wconf 84' lang='lat' dir='ltr'><strong>Proiestautiunr</strong></span> <span class='ocrx_word' id='word_1_39' title='bbox 578 815 649 859; x_wconf 82' lang='lat' dir='ltr'><strong>cunr</strong></span> <span class='ocrx_word' id='word_1_40' title='bbox 682 795 861 859; x_wconf 76' lang='lat' dir='ltr'><strong>Catholicis</strong></span> <span class='ocrx_word' id='word_1_41' title='bbox 894 799 1063 862; x_wconf 91' lang='lat' dir='ltr'><strong>connubils</strong></span> <span class='ocrx_word' id='word_1_42' title='bbox 1090 796 1256 885; x_wconf 81' lang='lat' dir='ltr'><strong>applicari,</strong></span> 
     </span>
     <span class='ocr_line' id='line_1_7' title="bbox 136 900 1257 986; baseline -0.004 -13"><span class='ocrx_word' id='word_1_43' title='bbox 136 908 195 973; x_wconf 84' lang='lat' dir='ltr'><strong>scd</strong></span> <span class='ocrx_word' id='word_1_44' title='bbox 217 905 322 970; x_wconf 90' lang='lat' dir='ltr'><strong>solum</strong></span> <span class='ocrx_word' id='word_1_45' title='bbox 342 904 379 966; x_wconf 91' lang='lat' dir='ltr'><strong>id</strong></span> <span class='ocrx_word' id='word_1_46' title='bbox 403 905 476 984; x_wconf 75' lang='lat' dir='ltr'><strong>agi,</strong></span> <span class='ocrx_word' id='word_1_47' title='bbox 497 922 538 965; x_wconf 90' lang='lat' dir='ltr'><strong>ne</strong></span> <span class='ocrx_word' id='word_1_48' title='bbox 555 903 775 965; x_wconf 85' lang='lat' dir='ltr'><strong>Protestantes</strong></span> <span class='ocrx_word' id='word_1_49' title='bbox 792 900 970 965; x_wconf 81' lang='lat' dir='ltr'><strong>Catholicis</strong></span> <span class='ocrx_word' id='word_1_50' title='bbox 990 923 1086 986; x_wconf 84' lang='lat' dir='ltr'><strong>pares</strong></span> <span class='ocrx_word' id='word_1_51' title='bbox 1108 907 1213 985; x_wconf 84' lang='lat' dir='ltr'><strong>liant,</strong></span> <span class='ocrx_word' id='word_1_52' title='bbox 1232 912 1257 968; x_wconf 87' lang='lat' dir='ltr'><strong>et</strong></span> 
     </span>
     <span class='ocr_line' id='line_1_8' title="bbox 136 1007 1256 1092; baseline -0.004 -15"><span class='ocrx_word' id='word_1_53' title='bbox 136 1016 210 1077; x_wconf 83' lang='lat' dir='ltr'><strong>irinc</strong></span> <span class='ocrx_word' id='word_1_54' title='bbox 229 1011 367 1075; x_wconf 87' lang='lat' dir='ltr'><strong>mediam</strong></span> <span class='ocrx_word' id='word_1_55' title='bbox 382 1010 464 1071; x_wconf 83' lang='lat' dir='ltr'><strong>viam</strong></span> <span class='ocrx_word' id='word_1_56' title='bbox 488 1009 521 1070; x_wconf 90' lang='lat' dir='ltr'><strong>iu</strong></span> <span class='ocrx_word' id='word_1_57' title='bbox 537 1007 777 1089; x_wconf 77' lang='lat' dir='ltr'><strong>dispensatione</strong></span> <span class='ocrx_word' id='word_1_58' title='bbox 799 1028 818 1069; x_wconf 92' lang='lat' dir='ltr'><strong>a</strong></span> <span class='ocrx_word' id='word_1_59' title='bbox 840 1014 1009 1088; x_wconf 85' lang='lat' dir='ltr'><strong>praetenso</strong></span> <span class='ocrx_word' id='word_1_60' title='bbox 1034 1010 1256 1092; x_wconf 85' lang='lat' dir='ltr'><strong>impedimento</strong></span> 
     </span>
     <span class='ocr_line' id='line_1_9' title="bbox 47 1112 1255 1196; baseline -0.003 -13"><span class='ocrx_word' id='word_1_61' title='bbox 47 1127 58 1142; x_wconf 68' lang='lat'>²</span> <span class='ocrx_word' id='word_1_62' title='bbox 135 1119 241 1185; x_wconf 83' lang='lat' dir='ltr'><strong>cultus</strong></span> <span class='ocrx_word' id='word_1_63' title='bbox 266 1116 407 1196; x_wconf 87' lang='lat' dir='ltr'><strong>disparis</strong></span> <span class='ocrx_word' id='word_1_64' title='bbox 429 1115 588 1176; x_wconf 83' lang='lat' dir='ltr'><strong>iuventam</strong></span> <span class='ocrx_word' id='word_1_65' title='bbox 614 1133 695 1175; x_wconf 85' lang='lat' dir='ltr'><strong>csse.</strong></span> <span class='ocrx_word' id='word_1_66' title='bbox 726 1116 759 1186; x_wconf 87' lang='lat' dir='ltr'><strong>c)</strong></span> <span class='ocrx_word' id='word_1_67' title='bbox 778 1112 989 1196; x_wconf 85' lang='lat' dir='ltr'><strong>Disciplinam</strong></span> <span class='ocrx_word' id='word_1_68' title='bbox 1013 1112 1189 1178; x_wconf 79' lang='lat' dir='ltr'><strong>Ecclesiae</strong></span> <span class='ocrx_word' id='word_1_69' title='bbox 1206 1117 1255 1179; x_wconf 80' lang='lat' dir='ltr'><strong>Ca·</strong></span> 
     </span>
     <span class='ocr_line' id='line_1_10' title="bbox 136 1217 1254 1302; baseline -0.004 -13"><span class='ocrx_word' id='word_1_70' title='bbox 136 1224 276 1289; x_wconf 82' lang='lat' dir='ltr'><strong>tirolicae</strong></span> <span class='ocrx_word' id='word_1_71' title='bbox 296 1218 470 1284; x_wconf 77' lang='lat' dir='ltr'><strong>admodum</strong></span> <span class='ocrx_word' id='word_1_72' title='bbox 493 1221 652 1297; x_wconf 80' lang='lat' dir='ltr'><strong>variasse,</strong></span> <span class='ocrx_word' id='word_1_73' title='bbox 675 1225 707 1280; x_wconf 87' lang='lat' dir='ltr'><strong>ct</strong></span> <span class='ocrx_word' id='word_1_74' title='bbox 729 1220 792 1281; x_wconf 83' lang='lat' dir='ltr'><strong>iixo</strong></span> <span class='ocrx_word' id='word_1_75' title='bbox 817 1217 913 1280; x_wconf 87' lang='lat' dir='ltr'><strong>alicui</strong></span> <span class='ocrx_word' id='word_1_76' title='bbox 937 1221 1097 1302; x_wconf 88' lang='lat' dir='ltr'><strong>principio</strong></span> <span class='ocrx_word' id='word_1_77' title='bbox 1125 1223 1254 1284; x_wconf 83' lang='lat' dir='ltr'><strong>innixam</strong></span> 
     </span>
     <span class='ocr_line' id='line_1_11' title="bbox 134 1323 1253 1407; baseline -0.004 -13"><span class='ocrx_word' id='word_1_78' title='bbox 134 1353 197 1394; x_wconf 92' lang='lat' dir='ltr'><strong>non</strong></span> <span class='ocrx_word' id='word_1_79' title='bbox 229 1328 351 1406; x_wconf 85' lang='lat' dir='ltr'><strong>inisse,</strong></span> <span class='ocrx_word' id='word_1_80' title='bbox 381 1344 440 1387; x_wconf 88' lang='lat' dir='ltr'><strong>uec</strong></span> <span class='ocrx_word' id='word_1_81' title='bbox 471 1323 619 1406; x_wconf 81' lang='lat' dir='ltr'><strong>generale</strong></span> <span class='ocrx_word' id='word_1_82' title='bbox 642 1323 815 1405; x_wconf 74' lang='lat' dir='ltr'>quodpiam</span> <span class='ocrx_word' id='word_1_83' title='bbox 836 1326 937 1386; x_wconf 73' lang='lat' dir='ltr'><strong>Breve</strong></span> <span class='ocrx_word' id='word_1_84' title='bbox 968 1326 1179 1401; x_wconf 74' lang='lat' dir='ltr'><strong>Pontificium</strong></span> <span class='ocrx_word' id='word_1_85' title='bbox 1205 1346 1253 1407; x_wconf 85' lang='lat' dir='ltr'><strong>pro</strong></span> 
     </span>
     <span class='ocr_line' id='line_1_12' title="bbox 135 1430 1253 1521; baseline -0.004 -21"><span class='ocrx_word' id='word_1_86' title='bbox 135 1435 306 1500; x_wconf 76' lang='lat' dir='ltr'><strong>Germania</strong></span> <span class='ocrx_word' id='word_1_87' title='bbox 329 1449 504 1494; x_wconf 68' lang='lat' dir='ltr'><strong>emmanue.</strong></span> <span class='ocrx_word' id='word_1_88' title='bbox 527 1430 766 1521; x_wconf 58' lang='lat' dir='ltr'><strong>d)iipiscoposv</strong></span> <span class='ocrx_word' id='word_1_89' title='bbox 782 1430 913 1511; x_wconf 86' lang='lat' dir='ltr'><strong>proprio</strong></span> <span class='ocrx_word' id='word_1_90' title='bbox 937 1436 1024 1493; x_wconf 87' lang='lat' dir='ltr'><strong>motu</strong></span> <span class='ocrx_word' id='word_1_91' title='bbox 1044 1433 1253 1512; x_wconf 82' lang='lat' dir='ltr'><strong>quaestionem</strong></span> 
     </span>
     <span class='ocr_line' id='line_1_13' title="bbox 133 1534 1253 1618; baseline -0.005 -12"><span class='ocrx_word' id='word_1_92' title='bbox 133 1546 216 1606; x_wconf 82' lang='lat' dir='ltr'><strong>banc</strong></span> <span class='ocrx_word' id='word_1_93' title='bbox 238 1546 476 1603; x_wconf 79' lang='lat' dir='ltr'><strong>controversam</strong></span> <span class='ocrx_word' id='word_1_94' title='bbox 496 1534 646 1598; x_wconf 90' lang='lat' dir='ltr'><strong>decidere</strong></span> <span class='ocrx_word' id='word_1_95' title='bbox 668 1555 790 1618; x_wconf 84' lang='lat' dir='ltr'><strong>posse,</strong></span> <span class='ocrx_word' id='word_1_96' title='bbox 811 1536 909 1616; x_wconf 85' lang='lat' dir='ltr'><strong>idque</strong></span> <span class='ocrx_word' id='word_1_97' title='bbox 931 1535 1155 1600; x_wconf 82' lang='lat' dir='ltr'><strong>aGermaniae</strong></span> <span class='ocrx_word' id='word_1_98' title='bbox 1171 1536 1253 1600; x_wconf 82' lang='lat' dir='ltr'><strong>Prae·</strong></span> 
     </span>
     <span class='ocr_line' id='line_1_14' title="bbox 133 1639 1252 1726; baseline -0.007 -14"><span class='ocrx_word' id='word_1_99' title='bbox 133 1648 257 1712; x_wconf 85' lang='lat' dir='ltr'><strong>solibus</strong></span> <span class='ocrx_word' id='word_1_100' title='bbox 280 1644 468 1707; x_wconf 79' lang='lat' dir='ltr'><strong>nominatior</strong></span> <span class='ocrx_word' id='word_1_101' title='bbox 488 1642 522 1704; x_wconf 90' lang='lat' dir='ltr'><strong>iu</strong></span> <span class='ocrx_word' id='word_1_102' title='bbox 554 1662 591 1703; x_wconf 91' lang='lat' dir='ltr'><strong>eo</strong></span> <span class='ocrx_word' id='word_1_103' title='bbox 617 1647 781 1704; x_wconf 84' lang='lat' dir='ltr'><strong>ostensum</strong></span> <span class='ocrx_word' id='word_1_104' title='bbox 813 1660 904 1720; x_wconf 88' lang='lat' dir='ltr'><strong>esse,</strong></span> <span class='ocrx_word' id='word_1_105' title='bbox 937 1639 1024 1721; x_wconf 84' lang='lat' dir='ltr'><strong>quod</strong></span> <span class='ocrx_word' id='word_1_106' title='bbox 1053 1643 1252 1726; x_wconf 87' lang='lat' dir='ltr'><strong>impedimen-</strong></span> 
     </span>
     <span class='ocr_line' id='line_1_15' title="bbox 134 1746 1250 1829; baseline -0.006 -12"><span class='ocrx_word' id='word_1_107' title='bbox 134 1764 201 1819; x_wconf 83' lang='lat' dir='ltr'><strong>turu</strong></span> <span class='ocrx_word' id='word_1_108' title='bbox 223 1750 330 1814; x_wconf 87' lang='lat' dir='ltr'><strong>cultus</strong></span> <span class='ocrx_word' id='word_1_109' title='bbox 353 1748 494 1829; x_wconf 88' lang='lat' dir='ltr'><strong>disparis</strong></span> <span class='ocrx_word' id='word_1_110' title='bbox 522 1766 720 1828; x_wconf 84' lang='lat' dir='ltr'><strong>nequaquam</strong></span> <span class='ocrx_word' id='word_1_111' title='bbox 750 1746 984 1828; x_wconf 77' lang='lat' dir='ltr'><strong>adoptaverint.</strong></span> <span class='ocrx_word' id='word_1_112' title='bbox 1015 1750 1049 1821; x_wconf 89' lang='lat' dir='ltr'><strong>c)</strong></span> <span class='ocrx_word' id='word_1_113' title='bbox 1073 1749 1111 1810; x_wconf 90' lang='lat' dir='ltr'><strong>ln</strong></span> <span class='ocrx_word' id='word_1_114' title='bbox 1136 1748 1250 1812; x_wconf 87' lang='lat' dir='ltr'><strong>benedi·</strong></span> 
     </span>
     <span class='ocr_line' id='line_1_16' title="bbox 132 1853 1249 1937; baseline -0.005 -15"><span class='ocrx_word' id='word_1_115' title='bbox 132 1863 238 1922; x_wconf 84' lang='lat' dir='ltr'><strong>ctione</strong></span> <span class='ocrx_word' id='word_1_116' title='bbox 255 1853 447 1920; x_wconf 85' lang='lat' dir='ltr'><strong>sacerdotali</strong></span> <span class='ocrx_word' id='word_1_117' title='bbox 463 1871 574 1934; x_wconf 83' lang='lat' dir='ltr'><strong>parurn</strong></span> <span class='ocrx_word' id='word_1_118' title='bbox 590 1855 704 1933; x_wconf 89' lang='lat' dir='ltr'><strong>reponi</strong></span> <span class='ocrx_word' id='word_1_119' title='bbox 716 1871 832 1934; x_wconf 89' lang='lat' dir='ltr'><strong>posse,</strong></span> <span class='ocrx_word' id='word_1_120' title='bbox 854 1872 925 1914; x_wconf 85' lang='lat' dir='ltr'><strong>curn</strong></span> <span class='ocrx_word' id='word_1_121' title='bbox 944 1872 982 1915; x_wconf 84' lang='lat' dir='ltr'><strong>ex</strong></span> <span class='ocrx_word' id='word_1_122' title='bbox 1000 1856 1164 1916; x_wconf 83' lang='lat' dir='ltr'><strong>sententia</strong></span> <span class='ocrx_word' id='word_1_123' title='bbox 1179 1856 1249 1937; x_wconf 86' lang='lat' dir='ltr'><strong>ipso-</strong></span> 
     </span>
     <span class='ocr_line' id='line_1_17' title="bbox 58 1958 1289 2042; baseline -0.005 -13"><span class='ocrx_word' id='word_1_124' title='bbox 58 1996 60 2001; x_wconf 95' lang='lat'><em>·</em></span> <span class='ocrx_word' id='word_1_125' title='bbox 131 1985 200 2029; x_wconf 86' lang='lat' dir='ltr'><strong>rura</strong></span> <span class='ocrx_word' id='word_1_126' title='bbox 232 1958 474 2025; x_wconf 85' lang='lat' dir='ltr'><strong>catholicorum.</strong></span> <span class='ocrx_word' id='word_1_127' title='bbox 496 1966 726 2021; x_wconf 86' lang='lat' dir='ltr'><strong>sacramentum</strong></span> <span class='ocrx_word' id='word_1_128' title='bbox 757 1958 951 2020; x_wconf 78' lang='lat' dir='ltr'><strong>matrimonii</strong></span> <span class='ocrx_word' id='word_1_129' title='bbox 977 1979 1042 2021; x_wconf 93' lang='lat' dir='ltr'><strong>non</strong></span> <span class='ocrx_word' id='word_1_130' title='bbox 1072 1961 1247 2042; x_wconf 74' lang='lat' dir='ltr'><strong>presbyter,</strong></span> <span class='ocrx_word' id='word_1_131' title='bbox 1286 1972 1289 1995; x_wconf 82' lang='lat'>¹</span> 
     </span>
     <span class='ocr_line' id='line_1_18' title="bbox 134 2052 1285 2138; baseline -0.01 -4"><span class='ocrx_word' id='word_1_132' title='bbox 134 2069 193 2134; x_wconf 81' lang='lat' dir='ltr'><strong>sed</strong></span> <span class='ocrx_word' id='word_1_133' title='bbox 214 2066 439 2131; x_wconf 85' lang='lat' dir='ltr'><strong>contrahentes</strong></span> <span class='ocrx_word' id='word_1_134' title='bbox 461 2064 696 2127; x_wconf 86' lang='lat' dir='ltr'><strong>administrent.</strong></span> <span class='ocrx_word' id='word_1_135' title='bbox 717 2061 780 2138; x_wconf 75' lang='lat'><strong>⁷²⁰)</strong></span> <span class='ocrx_word' id='word_1_136' title='bbox 1282 2052 1285 2059; x_wconf 68' lang='grc'><strong>’</strong></span> 
     </span>
    </p>

    <p class='ocr_par' dir='ltr' id='par_1_3' title="bbox 87 2164 1291 3210">
     <span class='ocr_line' id='line_1_19' title="bbox 206 2164 1249 2252; baseline -0.001 -17"><span class='ocrx_word' id='word_1_137' title='bbox 206 2164 552 2252; x_wconf 78' lang='lat' dir='ltr'><strong>·193.Freyherr</strong></span> <span class='ocrx_word' id='word_1_138' title='bbox 591 2190 670 2232; x_wconf 89' lang='lat' dir='ltr'><strong>von</strong></span> <span class='ocrx_word' id='word_1_139' title='bbox 708 2171 897 2252; x_wconf 66' lang='lat' dir='ltr'><strong>(tegern,</strong></span> <span class='ocrx_word' id='word_1_140' title='bbox 935 2172 1129 2248; x_wconf 78' lang='lat' dir='ltr'><strong>Anspracbe</strong></span> <span class='ocrx_word' id='word_1_141' title='bbox 1155 2175 1249 2234; x_wconf 66' lang='lat' dir='ltr'><strong>mne</strong></span> 
     </span>
     <span class='ocr_line' id='line_1_20' title="bbox 130 2279 1248 2356; baseline -0.007 -10"><span class='ocrx_word' id='word_1_142' title='bbox 130 2283 281 2346; x_wconf 62' lang='lat' dir='ltr'><strong>mmacbe</strong></span> <span class='ocrx_word' id='word_1_143' title='bbox 298 2281 416 2340; x_wconf 72' lang='lat' dir='ltr'><strong>Naana</strong></span> <span class='ocrx_word' id='word_1_144' title='bbox 431 2281 510 2338; x_wconf 76' lang='lat' dir='ltr'><strong>siber</strong></span> <span class='ocrx_word' id='word_1_145' title='bbox 523 2282 585 2339; x_wconf 75' lang='lat' dir='ltr'><strong>den</strong></span> <span class='ocrx_word' id='word_1_146' title='bbox 603 2279 749 2354; x_wconf 77' lang='lat' dir='ltr'><strong>Vorqcnp</strong></span> <span class='ocrx_word' id='word_1_147' title='bbox 764 2291 809 2338; x_wconf 77' lang='lat' dir='ltr'><strong>zo</strong></span> <span class='ocrx_word' id='word_1_148' title='bbox 827 2281 913 2339; x_wconf 73' lang='lat' dir='ltr'><strong>cuin</strong></span> <span class='ocrx_word' id='word_1_149' title='bbox 941 2281 1014 2337; x_wconf 78' lang='lat' dir='ltr'><strong>Zur</strong></span> <span class='ocrx_word' id='word_1_150' title='bbox 1031 2279 1248 2356; x_wconf 63' lang='lat' dir='ltr'><strong>bennonim</strong></span> 
     </span>
     <span class='ocr_line' id='line_1_21' title="bbox 130 2380 1246 2464; baseline -0.007 -14"><span class='ocrx_word' id='word_1_151' title='bbox 130 2393 199 2450; x_wconf 77' lang='lat' dir='ltr'><strong>oron</strong></span> <span class='ocrx_word' id='word_1_152' title='bbox 216 2386 479 2460; x_wconf 71' lang='lat' dir='ltr'><strong>Veestdndipnnp.</strong></span> <span class='ocrx_word' id='word_1_153' title='bbox 502 2381 808 2456; x_wconf 74' lang='lat' dir='ltr'><strong>Frnnieflart.1838.</strong></span> <span class='ocrx_word' id='word_1_154' title='bbox 830 2382 963 2464; x_wconf 89' lang='lat' dir='ltr'><strong>proprio</strong></span> <span class='ocrx_word' id='word_1_155' title='bbox 981 2380 1131 2463; x_wconf 79' lang='lat' dir='ltr'><strong>exemplo</strong></span> <span class='ocrx_word' id='word_1_156' title='bbox 1149 2382 1246 2444; x_wconf 85' lang='lat' dir='ltr'><strong>docere</strong></span> 
     </span>
     <span class='ocr_line' id='line_1_22' title="bbox 132 2485 1246 2570; baseline -0.007 -16"><span class='ocrx_word' id='word_1_157' title='bbox 132 2491 217 2566; x_wconf 79' lang='lat' dir='ltr'><strong>ruit,</strong></span> <span class='ocrx_word' id='word_1_158' title='bbox 241 2488 338 2550; x_wconf 82' lang='lat' dir='ltr'><strong>misia</strong></span> <span class='ocrx_word' id='word_1_159' title='bbox 360 2488 561 2549; x_wconf 86' lang='lat' dir='ltr'><strong>matrimonia</strong></span> <span class='ocrx_word' id='word_1_160' title='bbox 582 2485 692 2549; x_wconf 82' lang='lat' dir='ltr'><strong>felicia</strong></span> <span class='ocrx_word' id='word_1_161' title='bbox 715 2505 787 2548; x_wconf 87' lang='lat' dir='ltr'><strong>esse</strong></span> <span class='ocrx_word' id='word_1_162' title='bbox 809 2505 927 2568; x_wconf 85' lang='lat' dir='ltr'><strong>posse,</strong></span> <span class='ocrx_word' id='word_1_163' title='bbox 950 2506 1021 2548; x_wconf 87' lang='lat' dir='ltr'><strong>curn</strong></span> <span class='ocrx_word' id='word_1_164' title='bbox 1044 2489 1119 2570; x_wconf 88' lang='lat' dir='ltr'><strong>ipse</strong></span> <span class='ocrx_word' id='word_1_165' title='bbox 1142 2503 1246 2570; x_wconf 72' lang='lat' dir='ltr'><strong>quoqu</strong></span> 
     </span>
     <span class='ocr_line' id='line_1_23' title="bbox 131 2592 1246 2676; baseline -0.006 -16"><span class='ocrx_word' id='word_1_166' title='bbox 131 2597 286 2660; x_wconf 84' lang='lat' dir='ltr'><strong>inmixto</strong></span> <span class='ocrx_word' id='word_1_167' title='bbox 308 2594 392 2654; x_wconf 84' lang='lat' dir='ltr'><strong>vivat</strong></span> <span class='ocrx_word' id='word_1_168' title='bbox 424 2593 650 2676; x_wconf 87' lang='lat' dir='ltr'><strong>matrimonio,</strong></span> <span class='ocrx_word' id='word_1_169' title='bbox 676 2593 710 2653; x_wconf 90' lang='lat' dir='ltr'><strong>in</strong></span> <span class='ocrx_word' id='word_1_170' title='bbox 739 2612 801 2672; x_wconf 86' lang='lat' dir='ltr'><strong>quo</strong></span> <span class='ocrx_word' id='word_1_171' title='bbox 832 2592 921 2654; x_wconf 82' lang='lat' dir='ltr'><strong>iuxta</strong></span> <span class='ocrx_word' id='word_1_172' title='bbox 942 2595 1106 2672; x_wconf 87' lang='lat' dir='ltr'><strong>praeviam</strong></span> <span class='ocrx_word' id='word_1_173' title='bbox 1131 2611 1246 2655; x_wconf 82' lang='lat' dir='ltr'><strong>conseo·</strong></span> 
     </span>
     <span class='ocr_line' id='line_1_24' title="bbox 87 2695 1245 2782; baseline -0.007 -15"><span class='ocrx_word' id='word_1_174' title='bbox 87 2770 90 2775; x_wconf 73' lang='grc'><strong><em>,</em></strong></span> <span class='ocrx_word' id='word_1_175' title='bbox 133 2707 252 2767; x_wconf 86' lang='lat' dir='ltr'><strong>tionem</strong></span> <span class='ocrx_word' id='word_1_176' title='bbox 275 2695 385 2782; x_wconf 85' lang='lat' dir='ltr'><strong>proles</strong></span> <span class='ocrx_word' id='word_1_177' title='bbox 408 2697 582 2759; x_wconf 88' lang='lat' dir='ltr'><strong>secuudum</strong></span> <span class='ocrx_word' id='word_1_178' title='bbox 602 2717 709 2760; x_wconf 83' lang='lat' dir='ltr'><strong>sexum</strong></span> <span class='ocrx_word' id='word_1_179' title='bbox 732 2706 898 2778; x_wconf 87' lang='lat' dir='ltr'><strong>parentum</strong></span> <span class='ocrx_word' id='word_1_180' title='bbox 915 2700 947 2758; x_wconf 94' lang='lat' dir='ltr'><strong>in</strong></span> <span class='ocrx_word' id='word_1_181' title='bbox 963 2695 1124 2778; x_wconf 79' lang='lat' dir='ltr'><strong>religione</strong></span> <span class='ocrx_word' id='word_1_182' title='bbox 1140 2716 1245 2761; x_wconf 77' lang='lat' dir='ltr'><strong>eorum·</strong></span> 
     </span>
     <span class='ocr_line' id='line_1_25' title="bbox 130 2802 1243 2885; baseline -0.011 -11"><span class='ocrx_word' id='word_1_183' title='bbox 130 2812 203 2873; x_wconf 88' lang='lat' dir='ltr'><strong>dem</strong></span> <span class='ocrx_word' id='word_1_184' title='bbox 226 2806 402 2869; x_wconf 86' lang='lat' dir='ltr'><strong>educantur</strong></span> <span class='ocrx_word' id='word_1_185' title='bbox 431 2803 574 2884; x_wconf 87' lang='lat' dir='ltr'><strong>pacifice.</strong></span> <span class='ocrx_word' id='word_1_186' title='bbox 604 2802 676 2864; x_wconf 89' lang='lat' dir='ltr'><strong>Non</strong></span> <span class='ocrx_word' id='word_1_187' title='bbox 703 2811 799 2883; x_wconf 78' lang='lat' dir='ltr'><strong>negat</strong></span> <span class='ocrx_word' id='word_1_188' title='bbox 820 2802 986 2865; x_wconf 76' lang='lat' dir='ltr'><strong>Ecclesiae</strong></span> <span class='ocrx_word' id='word_1_189' title='bbox 1017 2804 1195 2885; x_wconf 72' lang='lat' dir='ltr'><strong>interesse,</strong></span> <span class='ocrx_word' id='word_1_190' title='bbox 1219 2807 1243 2863; x_wconf 90' lang='lat' dir='ltr'><strong>nt</strong></span> 
     </span>
     <span class='ocr_line' id='line_1_26' title="bbox 128 2906 1242 2998; baseline -0.008 -21"><span class='ocrx_word' id='word_1_191' title='bbox 128 2912 308 2998; x_wconf 87' lang='lat' dir='ltr'><strong>principia,</strong></span> <span class='ocrx_word' id='word_1_192' title='bbox 340 2910 497 2988; x_wconf 86' lang='lat' dir='ltr'><strong>equibus</strong></span> <span class='ocrx_word' id='word_1_193' title='bbox 528 2910 621 2971; x_wconf 79' lang='lat' dir='ltr'><strong>rnatu.</strong></span> <span class='ocrx_word' id='word_1_194' title='bbox 646 2909 741 2969; x_wconf 84' lang='lat' dir='ltr'><strong>mixta</strong></span> <span class='ocrx_word' id='word_1_195' title='bbox 776 2906 962 2985; x_wconf 86' lang='lat' dir='ltr'><strong>dissuadet,</strong></span> <span class='ocrx_word' id='word_1_196' title='bbox 994 2914 1179 2971; x_wconf 85' lang='lat' dir='ltr'><strong>constanter</strong></span> <span class='ocrx_word' id='word_1_197' title='bbox 1204 2927 1242 2968; x_wconf 88' lang='lat' dir='ltr'><strong>re·</strong></span> 
     </span>
     <span class='ocr_line' id='line_1_27' title="bbox 128 3011 1237 3094; baseline -0.009 -11"><span class='ocrx_word' id='word_1_198' title='bbox 128 3024 247 3093; x_wconf 81' lang='lat' dir='ltr'><strong>tineat3</strong></span> <span class='ocrx_word' id='word_1_199' title='bbox 271 3013 329 3077; x_wconf 85' lang='lat' dir='ltr'><strong>sed</strong></span> <span class='ocrx_word' id='word_1_200' title='bbox 349 3011 409 3073; x_wconf 88' lang='lat' dir='ltr'><strong>illa</strong></span> <span class='ocrx_word' id='word_1_201' title='bbox 429 3031 486 3094; x_wconf 89' lang='lat' dir='ltr'><strong>per</strong></span> <span class='ocrx_word' id='word_1_202' title='bbox 507 3012 710 3075; x_wconf 87' lang='lat' dir='ltr'><strong>conditiones</strong></span> <span class='ocrx_word' id='word_1_203' title='bbox 723 3014 980 3076; x_wconf 88' lang='lat' dir='ltr'><strong>Protestantibus</strong></span> <span class='ocrx_word' id='word_1_204' title='bbox 1002 3014 1177 3076; x_wconf 80' lang='lat' dir='ltr'><strong>iniuriosae</strong></span> <span class='ocrx_word' id='word_1_205' title='bbox 1191 3015 1237 3075; x_wconf 86' lang='lat' dir='ltr'><strong>in·</strong></span> 
     </span>
     <span class='ocr_line' id='line_1_28' title="bbox 129 3118 1291 3210; baseline -0.005 -24"><span class='ocrx_word' id='word_1_206' title='bbox 129 3124 235 3206; x_wconf 80' lang='lat' dir='ltr'><strong>pediti</strong></span> <span class='ocrx_word' id='word_1_207' title='bbox 248 3140 311 3182; x_wconf 91' lang='lat' dir='ltr'><strong>uon</strong></span> <span class='ocrx_word' id='word_1_208' title='bbox 329 3118 446 3179; x_wconf 86' lang='lat' dir='ltr'><strong>debere</strong></span> <span class='ocrx_word' id='word_1_209' title='bbox 467 3121 604 3194; x_wconf 80' lang='lat' dir='ltr'><strong>asserit3</strong></span> <span class='ocrx_word' id='word_1_210' title='bbox 626 3118 882 3180; x_wconf 84' lang='lat' dir='ltr'><strong>benedictionem</strong></span> <span class='ocrx_word' id='word_1_211' title='bbox 904 3118 977 3210; x_wconf 71' lang='lat' dir='ltr'><strong>vero</strong></span> <span class='ocrx_word' id='word_1_212' title='bbox 995 3118 1149 3200; x_wconf 82' lang='lat' dir='ltr'><strong>denegari</strong></span> <span class='ocrx_word' id='word_1_213' title='bbox 1164 3135 1240 3200; x_wconf 72' lang='lat' dir='ltr'><strong>aegre</strong></span> <span class='ocrx_word' id='word_1_214' title='bbox 1289 3152 1291 3167; x_wconf 69' lang='grc' dir='ltr'>ι</span> 
     </span>
    </p>
   </div>
   <div class='ocr_carea' id='block_1_3' title="bbox 127 3200 1292 3622">
    <p class='ocr_par' dir='ltr' id='par_1_4' title="bbox 127 3200 1292 3622">
     <span class='ocr_line' id='line_1_29' title="bbox 128 3200 1292 3307; baseline -0.006 -16"><span class='ocrx_word' id='word_1_215' title='bbox 128 3232 211 3307; x_wconf 86' lang='lat' dir='ltr'><strong>fert,</strong></span> <span class='ocrx_word' id='word_1_216' title='bbox 233 3223 319 3304; x_wconf 87' lang='lat' dir='ltr'><strong>quod</strong></span> <span class='ocrx_word' id='word_1_217' title='bbox 341 3220 412 3283; x_wconf 88' lang='lat' dir='ltr'><strong>sola</strong></span> <span class='ocrx_word' id='word_1_218' title='bbox 435 3221 538 3285; x_wconf 85' lang='lat' dir='ltr'><strong>civilis</strong></span> <span class='ocrx_word' id='word_1_219' title='bbox 561 3221 724 3304; x_wconf 83' lang='lat' dir='ltr'><strong>copulatio</strong></span> <span class='ocrx_word' id='word_1_220' title='bbox 746 3222 1044 3285; x_wconf 83' lang='lat' dir='ltr'><strong>indifferentlsmum</strong></span> <span class='ocrx_word' id='word_1_221' title='bbox 1065 3224 1237 3306; x_wconf 76' lang='lat' dir='ltr'><strong>religiosum</strong></span> <span class='ocrx_word' id='word_1_222' title='bbox 1288 3200 1292 3251; x_wconf 45' lang='grc' dir='ltr'>ἶ</span> 
     </span>
     <span class='ocr_line' id='line_1_30' title="bbox 128 3326 1233 3412; baseline -0.008 -15"><span class='ocrx_word' id='word_1_223' title='bbox 128 3332 257 3397; x_wconf 82' lang='lat' dir='ltr'><strong>nutriat.</strong></span> <span class='ocrx_word' id='word_1_224' title='bbox 280 3326 479 3391; x_wconf 87' lang='lat' dir='ltr'><strong>Peculiarem</strong></span> <span class='ocrx_word' id='word_1_225' title='bbox 500 3347 627 3409; x_wconf 79' lang='lat' dir='ltr'><strong>qtroque</strong></span> <span class='ocrx_word' id='word_1_226' title='bbox 648 3327 875 3390; x_wconf 86' lang='lat' dir='ltr'><strong>allocutionem</strong></span> <span class='ocrx_word' id='word_1_227' title='bbox 899 3328 1010 3409; x_wconf 77' lang='lat' dir='ltr'><strong>dirigit</strong></span> <span class='ocrx_word' id='word_1_228' title='bbox 1032 3329 1075 3391; x_wconf 88' lang='lat' dir='ltr'><strong>ad</strong></span> <span class='ocrx_word' id='word_1_229' title='bbox 1096 3333 1233 3412; x_wconf 82' lang='lat' dir='ltr'><strong>Aiippun</strong></span> 
     </span>
     <span class='ocr_line' id='line_1_31' title="bbox 127 3430 1236 3515; baseline -0.01 -11"><span class='ocrx_word' id='word_1_230' title='bbox 127 3442 265 3515; x_wconf 86' lang='lat' dir='ltr'><strong>Droste,</strong></span> <span class='ocrx_word' id='word_1_231' title='bbox 294 3434 372 3496; x_wconf 85' lang='lat' dir='ltr'><strong>vitio</strong></span> <span class='ocrx_word' id='word_1_232' title='bbox 406 3430 625 3513; x_wconf 67' lang='lat' dir='ltr'><strong>illinemus,</strong></span> <span class='ocrx_word' id='word_1_233' title='bbox 657 3433 742 3512; x_wconf 83' lang='lat' dir='ltr'><strong>quod</strong></span> <span class='ocrx_word' id='word_1_234' title='bbox 765 3436 881 3496; x_wconf 78' lang='lat' dir='ltr'><strong>(iuriae</strong></span> <span class='ocrx_word' id='word_1_235' title='bbox 903 3436 1067 3497; x_wconf 86' lang='lat' dir='ltr'><strong>Romanae</strong></span> <span class='ocrx_word' id='word_1_236' title='bbox 1099 3433 1236 3499; x_wconf 75' lang='lat' dir='ltr'><strong>serviliter</strong></span> 
     </span>
     <span class='ocr_line' id='line_1_32' title="bbox 129 3537 1233 3622; baseline -0.008 -13"><span class='ocrx_word' id='word_1_237' title='bbox 129 3543 262 3622; x_wconf 84' lang='lat' dir='ltr'><strong>obsequi</strong></span> <span class='ocrx_word' id='word_1_238' title='bbox 285 3540 412 3620; x_wconf 87' lang='lat' dir='ltr'><strong>potius,</strong></span> <span class='ocrx_word' id='word_1_239' title='bbox 436 3557 529 3617; x_wconf 84' lang='lat' dir='ltr'><strong>quam</strong></span> <span class='ocrx_word' id='word_1_240' title='bbox 551 3540 772 3602; x_wconf 83' lang='lat' dir='ltr'><strong>Antecessoris</strong></span> <span class='ocrx_word' id='word_1_241' title='bbox 795 3542 845 3601; x_wconf 86' lang='lat' dir='ltr'><strong>sui</strong></span> <span class='ocrx_word' id='word_1_242' title='bbox 867 3540 1000 3620; x_wconf 78' lang='lat' dir='ltr'><strong>vestigia</strong></span> <span class='ocrx_word' id='word_1_243' title='bbox 1023 3544 1118 3619; x_wconf 79' lang='lat' dir='ltr'><strong>sequi</strong></span> <span class='ocrx_word' id='word_1_244' title='bbox 1140 3537 1233 3602; x_wconf 87' lang='lat' dir='ltr'><strong>inani·</strong></span> 
     </span>
    </p>
   </div>
   <div class='ocr_carea' id='block_1_4' title="bbox 125 3643 1231 4048">
    <p class='ocr_par' dir='ltr' id='par_1_5' title="bbox 125 3643 1231 4048">
     <span class='ocr_line' id='line_1_33' title="bbox 127 3643 1231 3727; baseline -0.011 -13"><span class='ocrx_word' id='word_1_245' title='bbox 127 3669 214 3714; x_wconf 87' lang='lat' dir='ltr'><strong>mum</strong></span> <span class='ocrx_word' id='word_1_246' title='bbox 235 3665 326 3710; x_wconf 88' lang='lat' dir='ltr'><strong>suurn</strong></span> <span class='ocrx_word' id='word_1_247' title='bbox 348 3643 518 3706; x_wconf 83' lang='lat' dir='ltr'><strong>induxerit.</strong></span> <span class='ocrx_word' id='word_1_248' title='bbox 548 3643 599 3707; x_wconf 82' lang='lat' dir='ltr'><strong>Ad</strong></span> <span class='ocrx_word' id='word_1_249' title='bbox 621 3645 839 3723; x_wconf 90' lang='lat' dir='ltr'><strong>componenda</strong></span> <span class='ocrx_word' id='word_1_250' title='bbox 867 3645 994 3706; x_wconf 87' lang='lat' dir='ltr'><strong>tandem</strong></span> <span class='ocrx_word' id='word_1_251' title='bbox 1018 3644 1158 3709; x_wconf 88' lang='lat' dir='ltr'><strong>dissidla</strong></span> <span class='ocrx_word' id='word_1_252' title='bbox 1175 3661 1231 3727; x_wconf 89' lang='lat' dir='ltr'><strong>pro·</strong></span> 
     </span>
     <span class='ocr_line' id='line_1_34' title="bbox 125 3747 1228 3831; baseline -0.011 -13"><span class='ocrx_word' id='word_1_253' title='bbox 125 3758 239 3818; x_wconf 75' lang='lat' dir='ltr'><strong>iactate</strong></span> <span class='ocrx_word' id='word_1_254' title='bbox 261 3754 297 3824; x_wconf 88' lang='lat' dir='ltr'><strong>a)</strong></span> <span class='ocrx_word' id='word_1_255' title='bbox 322 3755 463 3811; x_wconf 88' lang='lat' dir='ltr'><strong>mutuam</strong></span> <span class='ocrx_word' id='word_1_256' title='bbox 484 3750 724 3810; x_wconf 85' lang='lat' dir='ltr'><strong>conventionem</strong></span> <span class='ocrx_word' id='word_1_257' title='bbox 745 3750 829 3811; x_wconf 88' lang='lat' dir='ltr'><strong>inter</strong></span> <span class='ocrx_word' id='word_1_258' title='bbox 850 3750 1019 3831; x_wconf 85' lang='lat' dir='ltr'><strong>imperium</strong></span> <span class='ocrx_word' id='word_1_259' title='bbox 1042 3759 1075 3812; x_wconf 85' lang='lat' dir='ltr'><strong>et</strong></span> <span class='ocrx_word' id='word_1_260' title='bbox 1097 3747 1228 3815; x_wconf 80' lang='lat' dir='ltr'><strong>Sacerdo</strong></span> 
     </span>
     <span class='ocr_line' id='line_1_35' title="bbox 125 3851 1227 3940; baseline -0.007 -18"><span class='ocrx_word' id='word_1_261' title='bbox 125 3863 205 3922; x_wconf 90' lang='lat' dir='ltr'><strong>tium</strong></span> <span class='ocrx_word' id='word_1_262' title='bbox 227 3857 269 3919; x_wconf 89' lang='lat' dir='ltr'><strong>ad</strong></span> <span class='ocrx_word' id='word_1_263' title='bbox 290 3875 432 3916; x_wconf 87' lang='lat' dir='ltr'><strong>normam</strong></span> <span class='ocrx_word' id='word_1_264' title='bbox 454 3851 542 3915; x_wconf 85' lang='lat' dir='ltr'><strong>illius</strong></span> <span class='ocrx_word' id='word_1_265' title='bbox 564 3852 784 3917; x_wconf 88' lang='lat' dir='ltr'><strong>Berolincnsis</strong></span> <span class='ocrx_word' id='word_1_266' title='bbox 807 3853 846 3918; x_wconf 88' lang='lat' dir='ltr'><strong>de</strong></span> <span class='ocrx_word' id='word_1_267' title='bbox 869 3875 919 3917; x_wconf 88' lang='lat' dir='ltr'><strong>au.</strong></span> <span class='ocrx_word' id='word_1_268' title='bbox 946 3859 1039 3919; x_wconf 77' lang='lat'>1834.</span> <span class='ocrx_word' id='word_1_269' title='bbox 1063 3863 1101 3920; x_wconf 88' lang='lat' dir='ltr'><strong>ut</strong></span> <span class='ocrx_word' id='word_1_270' title='bbox 1122 3853 1227 3940; x_wconf 84' lang='lat' dir='ltr'><strong>permit·</strong></span> 
     </span>
     <span class='ocr_line' id='line_1_36' title="bbox 125 3957 1226 4048; baseline -0.006 -22"><span class='ocrx_word' id='word_1_271' title='bbox 125 3971 212 4027; x_wconf 81' lang='lat' dir='ltr'><strong>tatur</strong></span> <span class='ocrx_word' id='word_1_272' title='bbox 234 3961 304 4022; x_wconf 87' lang='lat' dir='ltr'><strong>lieri</strong></span> <span class='ocrx_word' id='word_1_273' title='bbox 328 3958 413 4039; x_wconf 88' lang='lat' dir='ltr'><strong>quod</strong></span> <span class='ocrx_word' id='word_1_274' title='bbox 436 3961 549 4021; x_wconf 87' lang='lat' dir='ltr'><strong>mutari</strong></span> <span class='ocrx_word' id='word_1_275' title='bbox 571 3960 699 4039; x_wconf 85' lang='lat' dir='ltr'><strong>nequit;</strong></span> <span class='ocrx_word' id='word_1_276' title='bbox 729 3961 766 4032; x_wconf 84' lang='lat' dir='ltr'><strong>b)</strong></span> <span class='ocrx_word' id='word_1_277' title='bbox 791 3958 1045 4048; x_wconf 80' lang='lat' dir='ltr'><strong>concordatum,</strong></span> <span class='ocrx_word' id='word_1_278' title='bbox 1076 3966 1111 4038; x_wconf 91' lang='lat' dir='ltr'><strong>c)</strong></span> <span class='ocrx_word' id='word_1_279' title='bbox 1135 3957 1226 4026; x_wconf 77' lang='lat' dir='ltr'><strong>cona·</strong></span> 
     </span>
    </p>
   </div>
   <div class='ocr_carea' id='block_1_5' title="bbox 132 4104 377 4124">
    <p class='ocr_par' dir='ltr' id='par_1_6' title="bbox 132 4104 377 4124">
     <span class='ocr_line' id='line_1_37' title="bbox 132 4104 377 4124; baseline -0.008 -4"><span class='ocrx_word' id='word_1_280' title='bbox 132 4104 377 4124; x_wconf 53' lang='lat' dir='ltr'><em>W</em></span> 
     </span>
    </p>
   </div>
   <div class='ocr_carea' id='block_1_6' title="bbox 158 4189 1223 4344">
    <p class='ocr_par' dir='ltr' id='par_1_7' title="bbox 158 4189 1223 4344">
     <span class='ocr_line' id='line_1_38' title="bbox 196 4189 1223 4259; baseline -0.013 -10"><span class='ocrx_word' id='word_1_281' title='bbox 196 4192 263 4258; x_wconf 72' lang='lat'><strong>720)</strong></span> <span class='ocrx_word' id='word_1_282' title='bbox 281 4194 482 4245; x_wconf 78' lang='lat' dir='ltr'><strong>itacensioucsa</strong></span> <span class='ocrx_word' id='word_1_283' title='bbox 502 4189 550 4241; x_wconf 81' lang='lat' dir='ltr'><strong>Ga</strong></span> <span class='ocrx_word' id='word_1_284' title='bbox 561 4193 693 4242; x_wconf 79' lang='lat' dir='ltr'><strong>radoni</strong></span> <span class='ocrx_word' id='word_1_285' title='bbox 715 4195 911 4251; x_wconf 68' lang='lat' dir='ltr'><strong>uenenarium.</strong></span> <span class='ocrx_word' id='word_1_286' title='bbox 936 4196 1013 4248; x_wconf 75' lang='lat' dir='ltr'><strong>m.</strong></span> <span class='ocrx_word' id='word_1_287' title='bbox 1033 4199 1067 4250; x_wconf 76' lang='grc' dir='ltr'><strong>Β,</strong></span> <span class='ocrx_word' id='word_1_288' title='bbox 1083 4211 1111 4259; x_wconf 72' lang='grc' dir='ltr'><strong>ρ,</strong></span> <span class='ocrx_word' id='word_1_289' title='bbox 1127 4190 1185 4252; x_wconf 82' lang='lat' dir='ltr'><strong>m.</strong></span> <span class='ocrx_word' id='word_1_290' title='bbox 1198 4211 1223 4228; x_wconf 84' lang='lat'>-</span> 
     </span>
     <span class='ocr_line' id='line_1_39' title="bbox 158 4280 998 4344; baseline -0.014 -1"><span class='ocrx_word' id='word_1_291' title='bbox 158 4287 279 4342; x_wconf 81' lang='lat' dir='ltr'><strong>libain</strong></span> <span class='ocrx_word' id='word_1_292' title='bbox 290 4282 390 4337; x_wconf 84' lang='lat' dir='ltr'><strong>wald</strong></span> <span class='ocrx_word' id='word_1_293' title='bbox 407 4281 601 4342; x_wconf 66' lang='lat' dir='ltr'><strong>macroniano.</strong></span> <span class='ocrx_word' id='word_1_294' title='bbox 619 4284 721 4335; x_wconf 79' lang='lat' dir='ltr'><strong>xxlx.</strong></span> <span class='ocrx_word' id='word_1_295' title='bbox 739 4287 776 4337; x_wconf 84' lang='lat' dir='ltr'><strong>B.</strong></span> <span class='ocrx_word' id='word_1_296' title='bbox 793 4299 819 4344; x_wconf 79' lang='lat' dir='ltr'><strong>p.</strong></span> <span class='ocrx_word' id='word_1_297' title='bbox 837 4281 907 4339; x_wconf 67' lang='lat'><strong>824.</strong></span> <span class='ocrx_word' id='word_1_298' title='bbox 926 4280 998 4340; x_wconf 70' lang='lat'><strong>2³8.</strong></span> 
     </span>
    </p>
   </div>
   <div class='ocr_carea' id='block_1_7' title="bbox 0 0 1404 4838">
    <p class='ocr_par' dir='ltr' id='par_1_8' title="bbox 0 0 1404 4838">
     <span class='ocr_line' id='line_1_40' title="bbox 0 0 1404 4838; baseline 0 4"><span class='ocrx_word' id='word_1_299' title='bbox 0 0 1404 4838; x_wconf 95' lang='lat' dir='ltr'><strong> </strong></span> 
     </span>
    </p>
   </div>
  </div>
 </body>
</html>
