2798 4838
463 239 803 345 ''-2rc-

55 405 58 410 ¹
118 418 223 503 Regio
244 417 381 484 Decreto
404 423 496 499 parte
519 437 556 481 ex
577 438 639 482 uua
657 420 923 497 Arcbieptrcopua
941 419 1160 500 coloniensis,
1183 435 1257 498 par·

120 532 153 590 tc
174 545 248 588 vero
271 527 312 589 ab
333 523 433 588 altera
456 529 573 603 Bepr‘ua
593 525 635 587 ad
657 523 771 587 Aulam
781 524 960 585 Romanam
975 527 1142 602 Minister,
1166 526 1258 583 Burr-

118 651 197 718 um,
219 631 362 713 delegati
382 632 538 693 fuissent:
561 631 686 693 famosa
710 630 946 692 conventio
969 629 1049 691 inita
1072 635 1146 708 est,
1180 620 1258 708 qudo

120 739 281 819 subsequa
302 744 462 800 tantarum
484 735 699 800 calamitatum
721 737 845 799 exstitit
867 757 973 798 causa.
997 733 1153 814 liepntati
1175 753 1259 795 nem-

120 863 161 928 pe
184 843 372 923 liuumvirl,
394 845 535 923 acceptis
559 841 722 906 Mandatis
746 843 878 923 Regiis,
900 838 1145 922 intentioneque
1162 840 1260 920 Regi-

122 950 219 1012 minis
241 950 370 1030 praevie
390 947 576 1028 intellecta,
604 953 747 1015 Berolim'
770 948 1015 1028 convenientes,
1043 954 1120 1028 post
1151 944 1259 1028 plures

43 1049 47 1057 ’
122 1055 289 1119 institutas
311 1055 555 1136 Conferentias,
584 1054 714 1117 tandem
748 1053 1146 1117 die‘X1X.Junuleaa.
1180 1053 1259 1114 (lon-

123 1162 305 1224 ventionem
328 1162 513 1242 signarunt,
537 1179 553 1222 e
579 1164 629 1222 14.
653 1159 807 1224 Articulis
830 1166 1045 1222 constantem:
1078 1158 1175 1219 cuius
1205 1175 1260 1238 ope

123 1268 209 1330 circa
230 1266 361 1330 modum
383 1264 571 1329 celebrandi
592 1267 795 1329 matrimonia
817 1268 916 1328 mixta
937 1264 1018 1328 talia
1049 1266 1084 1326 in
1116 1263 1260 1325 effectum

125 1370 244 1435 deduci
273 1375 556 1455 proponebantur,
589 1392 670 1453 quae
700 1372 801 1435 Sedes
830 1370 1039 1454 Apostolica,
1074 1370 1203 1432 iteratis
1223 1367 1260 1430 li-

126 1483 178 1541 cet
198 1479 321 1541 vicibus
344 1480 554 1561 aRegimine
582 1477 817 1562 interpellata„
838 1477 1008 1540 admittere
1039 1475 1261 1557 constantissi·

127 1603 179 1648 mc
200 1585 370 1648 recusavit.

145 1722 148 1728 ·
231 1691 462 1754 conventionis
484 1692 580 1753 huius
602 1701 743 1770 quotuor
764 1696 839 1753 sunt
855 1710 977 1753 summa
994 1689 1123 1770 capitas
1146 1689 1182 1749 ln
1198 1690 1259 1766 pri·

96 1806 98 1809 ’
129 1813 180 1881 mo
203 1795 243 1859 de
264 1796 361 1860 modo
384 1796 568 1880 perferendi
590 1798 631 1860 ad
652 1798 800 1860 notitiam
823 1794 910 1859 Glerl
934 1796 1045 1858 (iurati
1068 1796 1173 1856 Breve
1184 1795 1259 1874 Apo·

132 1900 282 1965 stolicum
295 1905 411 1976 (Artic.
421 1903 568 1980 1—1V.>;
591 1905 772 1966 insecundo
789 1902 828 1964 de
845 1901 1093 1983 pertractatione
1116 1900 1185 1962 sive
1205 1918 1258 1959 ma·
1296 1892 1298 1897 ’

130 2005 331 2090 nlpulatione
352 2011 461 2072 meriti
479 2010 647 2071 mixtorum
665 2009 940 2072 matrimoniorum
958 2008 992 2069 in
1009 2011 1179 2088 posterum
1195 2023 1258 2086 qua-

131 2110 210 2177 liter
230 2115 426 2178 instltucnda
450 2118 535 2189 (dri.
557 2114 736 2192 v-V11.>;
759 2116 792 2176 in
814 2119 909 2177 tertio
930 2113 971 2174 de
993 2133 1053 2175 usu
1077 2111 1257 2174 instructio·
1295 2174 1300 2183 ,

132 2221 204 2301 nir,
227 2240 308 2301 quae
329 2222 424 2306 Brevi
446 2221 569 2284 adnexa
591 2222 656 2284 fuit
682 2223 768 2295 (Art.
791 2220 915 2296 Vlll.);
946 2221 980 2281 in
1003 2228 1120 2298 quarto
1146 2214 1258 2279 tandem

134 2324 175 2388 do
197 2325 271 2390 aliis
293 2327 397 2390 adhuc
420 2328 611 2409 quibusdam
633 2325 754 2408 regulis
787 2326 829 2390 ad
851 2332 992 2408 optatam
1020 2325 1149 2406 negotii
1179 2323 1259 2384 istius

137 2435 357 2496 executionem
388 2435 623 2522 pertinentibus
658 2434 743 2506 (Art.
775 2432 963 2507 iii—xiv.)
1004 2433 1122 2516 agitur.
1165 2423 1260 2510 Quoad
1302 2456 1305 2504 l

131 2542 273 2619 primum
294 2540 328 2601 in
351 2559 389 2601 eo
413 2538 567 2601 coalitum
590 2545 655 2600 est:
686 2546 723 2601 ut
743 2542 844 2601 Breve
867 2535 1090 2620 Apostolicum
1118 2556 1179 2617 per
1199 2533 1261 2595 lite·
1303 2576 1305 2584 .

132 2665 186 2708 ras
217 2642 417 2727 pastorales,
455 2645 561 2725 quoad
594 2647 808 2707 substantiam
846 2647 886 2706 ab
920 2644 1068 2705 omnibus
1098 2640 1263 2722 Episcopis

135 2749 249 2814 eodem
271 2757 382 2814 tenore
405 2751 662 2830 concinnandas,
686 2750 727 2813 ad
749 2752 895 2812 notitiam
920 2748 1009 2811 Cleri
1032 2749 1148 2811 (iurati
1171 2745 1266 2830 perle-

135 2860 244 2936 ratur,
268 2865 363 2938 atque
385 2855 428 2919 ad
451 2856 620 2918 devitanda
644 2857 741 2918 dubia
765 2856 885 2919 diserte
909 2854 1110 2917 declaretur:
1135 2855 1170 2915 in
1185 2849 1269 2914 Brevi

135 2978 195 3053 per
217 2968 308 3025 matr.
331 2965 513 3028 minianen
537 2972 662 3026 servata
690 2963 794 3024 forma
818 2964 855 3024 (i.
879 2960 1063 3023 Tridentini
1095 2964 1273 3040 contracte,

133 3063 192 3129 illa
214 3068 372 3130 connubia
393 3068 553 3149 intelligi,
577 3088 657 3150 quae
680 3088 786 3131 coram
808 3070 956 3128 ministro
967 3063 1185 3147 evangelico,
1209 3067 1275 3127 abs·

137 3191 199 3253 que
220 3175 404 3252 praesentia
434 3177 567 3255 parochi
597 3173 749 3237 catholici
779 3175 859 3235 inita
895 3179 988 3249 sunt;
1018 3170 1276 3235 revalidationem

140 3283 247 3340 autem
269 3280 543 3342 matrimoniorum
566 3282 658 3343 unice
689 3279 731 3341 ad
753 3300 790 3341 ea
811 3279 946 3357 referri,
977 3297 1056 3359 quae
1087 3275 1205 3340 itidem
1228 3297 1276 3339 co·

140 3405 209 3448 ram
230 3385 379 3449 ministro
404 3385 607 3468 evangelico,
639 3393 689 3452 ast
710 3407 782 3448 cum
804 3384 1032 3464 impedimento
1057 3385 1211 3465 quopiam
1235 3381 1277 3444 di·

141 3493 276 3555 timente
300 3491 497 3556 coaluerunt.
521 3493 635 3573 Quoad
657 3500 831 3555 secundum
855 3491 1099 3554 determinatum
1120 3498 1192 3554 esta
1212 3508 1279 3571 per·

142 3600 364 3663 tractationem
388 3607 479 3662 matr.
504 3601 674 3660 mixtorum
706 3619 769 3660 non
802 3597 940 3679 amplius
963 3598 1145 3678 cognitioni
1177 3602 1210 3659 et
1230 3593 1278 3655 dc·

142 3708 259 3769 cisioni
279 3705 467 3788 Episcopali
490 3704 732 3784 reservandam,
766 3704 826 3765 sed
848 3705 1069 3766 Parochorum
1093 3699 1277 3766 discretioni

143 3831 181 3873 ac
203 3814 338 3874 arbitrio
363 3811 621 3874 committendam
647 3831 727 3872 esse.
752 3810 833 3872 (ium
849 3817 954 3873 tamen
968 3807 1159 3892 praevidere
1178 3807 1275 3879 liceat,

144 3917 239 3979 initio
263 3915 373 3998 plures
396 3919 599 3998 quaestiones
623 3937 659 3979 ac
683 3917 781 3983 dubia
802 3918 971 3983 formanda
992 3918 1081 3978 fore:
1113 3914 1157 3978 ad
1182 3936 1218 3979 ea
1236 3912 1276 3974 di·

145 4019 293 4085 rImcnda
310 4023 413 4085 visum
427 4024 490 4086 fuit
507 4023 702 4105 peculiarem
725 4027 970 4090 instructionem
987 4021 1218 4087 elaborandam
1232 4037 1274 4081 es·

146 4146 202 4209 se,
235 4127 406 4194 directioni
429 4128 646 4194 Vicariatuum
679 4131 928 4196 deservituram:
959 4132 993 4193 in
1026 4150 1090 4212 qua
1122 4123 1275 4211 sequentia

142 4235 301 4316 principia
311 4243 478 4322 proposita
503 4244 610 4305 fuere:
634 4239 1059 4321 a>perBrevePontifioium
1084 4233 1274 4318 disciplinam

144 4344 328 4409 camnioam
359 4349 444 4415 circa
474 4354 567 4417 mair.
595 4349 693 4415 mixta
715 4345 796 4412 adeo
827 4345 1018 4429 ‘mitigatam
1048 4363 1143 4426 esse,
1170 4331 1272 4418 allegi
