2798 4838
590 303 654 356 ,-
681 263 757 336 aaa
783 302 835 322 ..-

155 409 225 469 riae
247 403 475 468 declarationis
496 409 744 486 communicata,
775 407 957 488 Episcopus
988 405 1153 488 depastam
1184 422 1277 486 prae-

157 513 243 574 stitit
265 521 296 573 et
318 510 370 573 dd.
394 517 443 572 26.
468 512 548 572 Nor.
575 517 664 574 1838.
688 513 807 592 Regiae
830 511 994 573 Maiestati
1016 512 1191 573 substravit
1221 508 1276 571 de·-

156 617 385 695 claratiouem,
405 618 439 677 in
462 637 560 696 eaqrre
583 617 742 678 ostendit:
766 636 859 697 quam
880 616 1065 695 irriundate,
1095 624 1127 678 et
1147 615 1275 697 postha-

155 725 225 785 bito
248 724 389 783 institiae
418 741 531 799 sensus,
553 724 726 800 -quantisve
755 740 826 786 cum
856 720 1093 784 detorsionilms
1125 721 1278 802 gravissi·

155 849 240 890 mam
264 837 296 889 et
317 830 548 889 atrocissimam
578 836 688 890 contra
717 827 954 906 scelerumque
984 847 1074 890 suum
1097 827 1277 890 Comitatus

155 933 273 995 iecerit
296 931 592 1011 expostulationem.
616 935 789 1017 Speclatim
813 933 916 1013 quoad
934 934 1144 1014 objectionem
1162 930 1201 993 de
1220 932 1279 993 im}

156 1039 350 1120 pedimentis
389 1038 595 1102 celebrationi
633 1047 722 1102 matr.
761 1040 927 1101 mixtorum
957 1040 1095 1120 positis,
1132 1035 1281 1121 producit

155 1143 293 1231 l‘raesul
316 1142 520 1207 doctissimus
543 1143 703 1225 lidedigna
729 1144 936 1223 documenta,
969 1165 1006 1206 ex
1036 1146 1139 1224 iisque
1168 1139 1209 1206 ad
1229 1140 1280 1202 lu-

154 1251 204 1312 cis
226 1250 419 1312 meridianae
443 1250 618 1312 claritatem
641 1250 786 1312 adducit:
810 1249 973 1328 homines,
1003 1270 1122 1332 eosque
1143 1245 1282 1330 utpluri-

155 1375 244 1418 mum
266 1356 486 1417 Protestantes
509 1357 550 1418 ad
573 1357 731 1418 fassiones
755 1358 787 1417 in
811 1376 905 1419 causa
927 1355 1058 1437 propria
1082 1351 1282 1416 contraCle-

155 1482 227 1524 rum
251 1459 450 1541 Catholicum
481 1463 673 1542 promendas
705 1470 859 1523 attractos
889 1462 993 1523 omnia
1025 1460 1135 1540 poene'
1159 1444 1282 1521 a‘vero

155 1566 275 1630 alliena
296 1565 425 1645 locutos
447 1566 649 1641 fuisse3cum
673 1588 731 1649 per
753 1566 881 1629 Clarum
905 1565 1012 1648 nulla,
1035 1567 1093 1626 sub
1115 1566 1212 1627 ictum
1234 1562 1282 1625 le-

155 1675 208 1755 gis
224 1673 449 1755 religionarlac
464 1672 628 1750 cadentia,
650 1672 876 1754 impedimenta
894 1674 1009 1733 mixtae
1024 1668 1193 1750 religionis
1209 1689 1284 1730 eon·

155 1779 257 1858 iugiis'
280 1779 386 1858 posita
408 1777 543 1851 fuerint3
576 1810 616 1821 -
648 1781 799 1858 proponit
831 1777 902 1838 dein
937 1776 1114 1836 doctrinam
1137 1771 1284 1836 Catholi-

156 1875 227 1954 eam
251 1883 290 1944 de
312 1883 433 1962 nuptiis
456 1884 561 1943 mixtis
585 1886 623 1944 ab
647 1882 792 1945 Ecclesia
817 1891 999 1943 constanter
1022 1881 1221 1960 reprobatls3
1253 1856 1286 1941 et
1313 1900 1317 1905 ’

157 2010 230 2089 epm
262 1990 384 2050 interea
415 1988 592 2049 Comitatus
624 1989 845 2050 Gdrndriensis
878 2009 894 2048 e
925 1988 1004 2048 Gen.
1027 1987 1284 2067 Congregatione

158 2116 218 2158 sua
247 2093 299 2155 dd.
326 2098 374 2154 18.
397 2092 470 2161 Jun.
496 2097 587 2155 1838.
620 2114 680 2175 ope
712 2092 920 2173 singularium
950 2091 1116 2153 literarum
1147 2089 1284 2152 circula-

113 2202 133 2241 1‘
158 2202 242 2262 rium
266 2197 417 2278 populum
440 2199 480 2259 de
502 2196 664 2280 legalitate
688 2205 779 2260 rnatr.
801 2201 972 2261 mixtorum
995 2196 1210 2276 edocendum,
1240 2197 1284 2256 si·
1323 2275 1326 2280 Ι

159 2304 289 2385 mulque
311 2304 347 2364 id
370 2304 603 2386 disposuisset,
635 2315 670 2367 ut
691 2307 802 2387 sponsi
825 2305 970 2366 diversae
1002 2302 1170 2382 religionis
1195 2298 1286 2384 ¹apud

161 2419 404 2473 concernentem
426 2411 599 2490 pamelium
622 2386 815 2472 eathrllicum
848 2417 948 2472 semet
980 2410 1173 2470 insinuaturi
1203 2427 1286 2468 sem-

162 2537 221 2597 per
244 2515 324 2576 duos
347 2522 446 2576 testes
469 2516 675 2599 adhibeant,¹
691 2518 781 2597 sique
804 2538 820 2576 a
845 2514 985 2596 paroclro
1008 2535 1083 2595 pars
1106 2500 1287 2575 acatholica

162 2644 222 2685 seu
244 2621 284 2682 ad
306 2619 555 2701 amplectendam
577 2621 673 2682 iidem
697 2619 908 2702 catholicam,
940 2620 1006 2679 sive
1029 2617 1069 2679 ad
1092 2618 1214 2681 dandas
1236 2639 1287 2678 re·
1323 2621 1326 2624 ’

163 2726 302 2788 versales
327 2732 572 2808 provocaretur,
602 2726 665 2787 hoc
687 2727 791 2806 ipsum
814 2746 886 2786 mox
906 2723 1013 2786 Jrrdici
1034 2721 1196 2784 Nobilium
1228 2743 1286 2802 pro

164 2833 297 2894 ferenda
320 2830 443 2893 medela
467 2831 634 2912 detegant:
662 2831 744 2895 hanc
767 2849 891 2911 quoque
914 2830 1182 2890 circumstantiam
1209 2829 1288 2906 lipi-
1383 2885 1385 2887 ,

166 2959 284 3020 scopus
306 2938 338 2998 in
370 2958 426 2999 sua
458 2940 750 3016 repraesentatione
780 2957 839 3017 pro
871 2935 1224 3017 meritoperstringit‚
1257 2940 1289 2994 et
1317 2916 1319 2921 λ
1385 2940 1391 2955 “

165 3043 263 3128 pleno
286 3064 355 3105 cum
379 3043 515 3104 caudore
538 3064 555 3105 a
577 3043 679 3123 Regia
701 3043 870 3103 Maiestate
894 3045 1017 3135 exorat:
1049 3047 1084 3100 ut
1106 3040 1289 3120 praedictae

166 3152 346 3212 Comitatus
370 3148 576 3211 Currentales
600 3155 783 3227 cassentur,
806 3146 1006 3227 privilegium
1031 3145 1095 3207 ieri
1119 3143 1288 3231 Clericalis

165 3256 293 3338 legibus
316 3256 410 3316 etiam
434 3257 548 3334 patriis
571 3274 754 3337 expressum
779 3253 836 3315 sed
859 3271 917 3333 per
940 3252 1131 3314 Comitatuna
1162 3250 1290 3313 evidenss
1317 3226 1323 3256 ’

168 3373 219 3425 ter
240 3363 458 3444 posthabitum
481 3371 512 3422 ct
533 3359 656 3422 laesum
666 3363 767 3440 Regia
790 3360 979 3420 arroteritate
1002 3364 1218 3435 sustentetur,
1241 3359 1290 3417 in-

169 3467 420 3529 differentlsmus
442 3451 614 3546 religiosus
636 3466 668 3526 iu
691 3465 795 3526 literis
811 3466 991 3526 Comitatus
1014 3463 1055 3525 ad
1071 3465 1204 3543 Regiam
1220 3462 1290 3523 Ma-

169 3575 316 3635 iestatem
338 3572 471 3632 directis
496 3571 656 3632 evidenter
679 3570 829 3630 defensus
859 3570 1112 3648 perstringatur,
1141 3566 1293 3647 idemque,

172 3679 348 3741 Comitatus
371 3699 389 3738 a
411 3678 578 3757 principiis
601 3675 781 3755 Religionis
800 3675 987 3735 Catholicae
1011 3672 1234 3734 subsumendis
1256 3678 1292 3732 et

171 3782 358 3848 vellicandis
381 3785 574 3844 inhibeatur.
601 3779 678 3855 1032>

176 3886 422 3902 m

245 3930 329 3995 1032)
339 3934 429 3982 itinn.
447 3932 508 3982 355.
527 3946 589 3998 pag.
608 3918 669 3981 6'37.
680 3931 803 3980 -Juxta
821 3931 965 3994 genuinam
984 3929 1024 3980 rei
1033 3929 1112 3978 huius
1131 3929 1202 3979 iuter
1228 3928 1292 3990 lipi-

177 4080 179 4084 .
210 4039 321 4087 scopum
354 4032 382 4074 et
407 4018 566 4075 comitatum
593 4030 786 4073 controversae
814 4022 950 4072 historiam
973 4031 1011 4071 'ex
1036 4020 1293 4082 Repraesentatione

208 4117 340 4183 Episcopi
368 4114 441 4165 clare
469 4115 633 4176 propositam
661 4116 821 4179 corrigenda
849 4119 913 4162 sunt
930 4128 980 4176 ea,
999 4127 1067 4175 quae
1093 4116 1126 4163 dc
1147 4114 1239 4161 eadem
1266 4112 1294 4160 in

209 4209 449 4270 Epiremeridibus:
481 4208 645 4268 Ailgemea‘ne
677 4207 909 4265 Kircienaea'tunn.
941 4207 1103 4265 Daranatudt.
1129 4201 1219 4255 1888.
1243 4205 1298 4254 lt'o.¹
1356 4226 1360 4245 ·

211 4296 374 4357 181-189.
403 4303 447 4348 et:
474 4294 561 4348 1839.
586 4300 637 4349 No.
663 4293 729 4347 801.
747 4293 816 4349 202.
836 4298 922 4348 minus
942 4299 1066 4358 sincere,
1086 4302 1113 4347 et
1140 4295 1295 4354 vehementi

212 4397 306 4442 contra
324 4388 483 4441 Praesulem
501 4392 573 4452 stylo
592 4386 781 4454 vulgabantur.
