2798 4838
595 261 847 351 -ιιι--Ι

143 415 206 477 rito
230 412 399 474 constituit
419 404 591 470 Resolutio
609 405 733 468 Mariae
750 403 946 480 'lberesiae‚
970 421 1068 482 qoam
1082 420 1167 465 anno
1184 404 1265 463 1768.

145 519 186 581 de
207 520 430 580 lteoerrale'bus
453 512 575 591 edidit,
607 518 779 594 postquam
809 509 938 590 praevie
968 513 1073 569 totam
1102 506 1146 569 de
1168 507 1267 568 matri·

144 623 259 686 moniis
282 614 390 684 mistis
414 619 636 700 quaestionem
657 615 800 677 uberiori
822 614 1021 676 discussioni
1043 620 1112 675 tum
1131 612 1266 697 Dicaste-

143 710 264 793 rlorum
288 723 520 803 Politicorum,
551 729 619 784 tnm
641 718 865 783 nonnullorum
887 720 1162 782 Dioecesanornm
1193 737 1267 779 con·

143 835 305 909 misisset,
326 831 503 910 horumque
521 833 594 890 vota
613 834 645 888 et
662 828 829 907 opiniones
852 825 1042 906 excepisset.
1066 824 1267 886 Occasionem

143 938 324 1020 quaestioni
345 936 423 997 huic
446 935 574 995 uberius
598 931 818 993 discutiendae
847 933 1022 1011 proximam
1055 928 1266 1011 suppeditavit

143 1045 404 1122 ltepreesentcu‘o
426 1044 556 1101 Consilii
583 1042 673 1116 nepti
694 1041 1011 1119 commemoraretis,
1043 1041 1077 1097 ct
1109 1038 1266 1096 Ooocells·

143 1155 214 1212 riae
243 1152 281 1209 s.
305 1149 437 1208 dolicae
471 1145 556 1205 circa
588 1148 753 1224 apostatas
785 1147 818 1202 et
847 1148 995 1221 parentes
1027 1138 1212 1203 catholicos
1239 1140 1265 1200 Ιι

145 1259 299 1316 Processu
320 1252 581 1311 Kis-Hontbe'nsi
600 1247 709 1329 proles
733 1267 807 1308 suas
824 1248 941 1327 partim
959 1247 992 1307 in
1008 1244 1265 1323 licatbolicismo,

146 1357 318 1440 partimin
341 1354 611 1416 indifferentismo
642 1354 812 1415 educantes
843 1351 896 1413 dle
930 1357 979 1414 13.
997 1352 1161 1414 Februar.
1187 1355 1264 1411 1767.

146 1464 267 1543 Regiae
290 1461 466 1522 Maiestati·
480 1476 539 1540 pro
570 1457 695 1520 medela
723 1445 898 1539 praestitas
928 1457 962 1519 in
991 1459 1085 1520 cuius
1117 1454 1263 1535 sequelam

138 1563 332 1650 'Apostolioa
354 1565 478 1646 Regina
500 1570 558 1645 per
579 1569 812 1627 desolationem
832 1569 884 1626 dd.
904 1570 936 1624 7.
954 1568 1067 1625 Martii
1088 1567 1193 1625 1707.
1215 1580 1264 1623 suo

145 1674 274 1736 nomine
303 1667 482 1733 Ordinariis
515 1669 643 1750 quidem
672 1665 827 1731 inculmri
864 1668 979 1747 iussit,
1019 1677 1055 1729 ut
1087 1668 1264 1748 parentibus

83 1778 86 1783 ’
146 1775 336 1854 catholicis,
358 1777 414 1855 qui
433 1773 556 1837 liberos
580 1794 655 1837 suos
677 1776 710 1836 in
733 1772 796 1836 alia
818 1793 911 1854 quam
934 1772 1107 1837 catholica
1131 1773 1264 1855 Religio·

5 4426 90 4548 N

105 1943 110 1965 ,
145 1904 185 1947 ne
207 1883 365 1964 educant,
386 1880 471 1943 omni
493 1878 601 1943 studio
623 1879 810 1960 invigilent,
843 1881 1010 1961 omniaque
1041 1879 1152 1942 media
1181 1879 1263 1959 spirl-

142 1987 242 2053 tualia
273 1990 308 2049 in
327 1984 526 2049 instruendis
558 2004 628 2048 eum
659 1978 844 2068 parentibus
875 1983 1087 2056 tumliberis
1120 1983 1263 2048 eiusmodi

145 2095 338 2168 adhibeant;
368 2089 587 2180 Cancellariae
618 2111 693 2154 snae
715 2110 789 2152 vero
818 2091 852 2153 id
872 2091 995 2173 negotli
1023 2090 1138 2171 dedit,
1168 2097 1203 2153 ut
1220 2108 1262 2152 ιι·

143 2201 248 2262 ierat:
281 2217 321 2260 ιιι
351 2195 404 2258 lex
435 2195 589 2276 quaedam
620 2198 654 2257 in
685 2196 796 2276 Regno
824 2180 1008 2277 ¹ilungnriae
1037 2203 1164 2277 exstet,
1193 2216 1262 2278 quae

145 2303 256 2384 proles
279 2323 296 2366 e
319 2303 484 2366 connubiis
506 2284 614 2364 mistis
636 2301 820 2380 progenitas
842 2302 875 2362 in
897 2301 979 2365 Fide
1002 2301 1175 2367 catholica
1196 2302 1262 2365 edu·

145 2409 263 2473 caudas
286 2404 454 2489 disponat,
477 2414 532 2471 aut
552 2406 585 2468 in
607 2405 734 2468 defectu
755 2405 839 2487 legis
871 2405 1047 2488 qualisnam
1079 2428 1161 2473 ιιιιιι
1189 2411 1262 2471 inra-

145 2515 264 2593 luerit,
287 2521 319 2575 et
342 2515 547 2591 observetur,
578 2511 715 2592 quidque
746 2511 828 2573 ultro
858 2512 898 2574 de
920 2512 1030 2576 talium
1052 2512 1196 2595 prolium
1220 2532 1261 2576 re·

143 2619 318 2701 -ligionaria
341 2617 530 2680 educatione
553 2601 900 2680 constituendum'siti
918 2614 979 2692 ⁹4²>

246 2726 283 2797 b)
306 2712 464 2804 Opinio
494 2730 534 2784 ct
558 2710 658 2785 vota
681 2725 1031 2787 Dicastcriorum
1060 2724 1260 2789 Politico·

143 2851 241 2894 rum.
272 2829 323 2892 Ad
355 2831 573 2908 quaestionem
603 2835 775 2891 memorata
804 2828 1015 2891 dissolutione
1045 2831 1155 2912 Regia
1185 2830 1260 2913 posi·

142 2944 230 3015 ιιιιι,
261 2935 429 3017 respondit
458 2932 511 2994 oi.
542 2939 591 2994 il.
611 2933 690 2995 Maii
722 2939 813 2996 1767.
854 2934 1144 3000 Cancellaria
1180 2939 1260 3017 liep.

126 3028 318 3105 ¹dolica:
346 3037 451 3120 legem
482 3035 606 3117 quidem
637 3037 756 3101 nullam
787 3042 928 3119 exstare,
957 3042 1016 3103 sed
1046 3040 1260 3125 compluribus

141 3144 407 3210 dissolutionibus
432 3145 544 3223 Regiis
568 3149 690 3204 cautum
713 3165 803 3224 esse,
833 3156 868 3209 ut
889 3155 1036 3228 parentes
1071 3151 1192 3212 mixtae
1219 3166 1260 3209 ιι·

141 3248 273 3330 ligionis
306 3268 363 3328 per
394 3251 566 3311 Curatores
597 3250 769 3311 animarum
799 3253 882 3314 bona
915 3251 1110 3317 modalitate
1134 3254 1176 3318 ad
1196 3254 1259 3315 dar·

144 3353 203 3417 das
232 3373 328 3434 super
351 3352 508 3416 catholica
538 3352 677 3434 prolium
708 3376 834 3418 suarum
865 3359 1031 3439 utriusque
1063 3381 1165 3423 sexus
1195 3358 1259 3422 edr-

143 3462 268 3524 cationc
291 3458 465 3521 reversales
489 3459 706 3542 disponantur.
728 3462 829 3523 Simul
852 3465 980 3541 opinata
1005 3471 1056 3525 est
1078 3466 1192 3529 eadem
1207 3466 1258 3527 Ιι-

141 3566 195 3649 gia
217 3562 436 3628 (lancellariat
459 3565 630 3646 optandum
654 3564 801 3648 equidem
824 3567 911 3647 fore,
941 3567 1091 3632 utnulla
1116 3573 1257 3636 inirentu

140 3674 238 3735 mixta
263 3671 496 3750 matrimonia,
536 3678 591 3734 aut
632 3671 744 3735 saltem
790 3672 878 3735 nulla
915 3675 983 3736 sine
1029 3679 1253 3750 reversalibms

140 3796 159 3839 ι
181 3778 305 3838 ratione
326 3783 464 3838 attamen
487 3775 614 3838 Publici
634 3798 698 3839 non
720 3778 821 3841 videri
843 3777 1045 3859 consultum,
1071 3790 1111 3845 ut
1134 3805 1189 3847 seu
1208 3801 1253 3863 pe·

139 3882 225 3943 nitus
246 3879 474 3943 interdicantur
496 3880 573 3942 talia
596 3885 765 3968 coniugia,
793 3904 850 3945 seu
872 3886 982 3964 sponsi
1014 3885 1057 3948 ad
1088 3884 1252 3951 reversales

137 3987 354 4066 stringantur,
376 4006 483 4049 verum
506 3988 604 4050 satius
628 4009 719 4069 esse,
741 3994 840 4052 totam
861 4010 927 4052 rem
948 3990 1034 4053 hanc
1054 3993 1092 4054 in
1117 3993 1250 4058 moderno

138 4109 196 4154 suo
218 4091 282 4153 situ
305 4089 503 4173 relinquere,
527 4098 559 4156 et
582 4076 799 4159 Paroehorons
819 4116 857 4159 ac
880 4094 1157 4164 dioecesanorum
1186 4114 1246 4180 pro·

206 4299 273 4369 aut)
291 4304 381 4355 bion.
401 4301 461 4357 289.
480 4318 540 4369 pag.
568 4304 628 4358 160.
