2798 4838
568 243 821 316 zena-

137 402 210 455 nam
231 390 509 472 gubernationem,
532 394 565 452 et
585 380 707 470 agentia
730 409 787 468 oa,
811 403 892 469 quae
924 388 1071 458 Ganones
1103 388 1263 471 praescri-

137 501 233 577 bunt,
254 502 459 580 provocatum
481 496 600 558 fuisset
624 493 702 571 ⁵⁶⁵):
724 493 908 576 capitulum
930 496 963 556 in
979 495 1152 577 Sessione‚
1170 517 1265 578 quam

138 603 192 666 (lie
213 609 264 666 21.
287 594 473 664 Novembris
497 599 688 682 celebravit,
709 602 929 682 provocationi
960 602 1081 682 Regiae
1113 601 1269 665 deferen-

17 723 20 726 ’
137 709 197 794 (lo,
220 708 791 801 16616061).ΠιάοιιιρρὶΛιιφὶὶμ.
814 711 918 770 Proet.
947 713 983 769 in
1007 713 1059 771 vl.
1087 710 1183 788 quasi
1208 710 1271 772 Sc.

137 813 194 877 ales
216 812 484 896 Arcblpraesulea
514 819 661 892 vacaret,
692 812 1000 877 administrationem
1032 812 1271 879 Archidioeee.

136 939 210 984 seos
232 922 265 982 in
287 917 508 1001 spiritualibus
530 925 563 982 et
584 917 815 998 temporalibus
838 939 912 982 mox
943 922 1108 1002 sucepit,
1136 922 1271 1002 bocquo

134 1027 240 1107 ipsum
260 1044 319 1107 per
338 1023 450 1088 literas
473 1023 687 1109 'Circulares,
718 1027 751 1086 in
783 1028 917 1111 quibus,
949 1028 1268 1109 „Arcbiepiscopum

136 1151 186 1194 err
193 1135 390 1211 pravissimis
411 1135 518 1192 causis
537 1129 667 1212 longius
689 1153 708 1194 a
740 1131 882 1195 dioecesi
908 1132 1102 1214 abductum,
1134 1141 1169 1195 et
1197 1135 1261 1220 ita,

51 1223 54 1229 ’
136 1237 304 1321 quominus
331 1235 498 1300 Ecclesiae
528 1237 836 1299 administrationem
867 1245 1039 1318 procuret,
1070 1238 1255 1322 impeditum

134 1342 258 1405 fuisse”
289 1345 421 1423 scribit,
452 1345 599 1406 universo
636 1342 731 1408 Glero
771 1345 966 1424 significavit
999 1342 1073 1418 566).
1105 1346 1250 1426 Sequenti

134 1468 232 1529 porro
256 1446 326 1530 (lie,
348 1449 496 1511 nimirum
517 1455 569 1512 22.
593 1448 780 1512 Novembris
804 1449 843 1511 de
866 1456 933 1513 tota
955 1471 990 1512 re
1012 1457 1104 1530 gesta
1126 1451 1169 1513 acl
1201 1452 1244 1513 Se-

133 1554 205 1616 ‹lem
227 1553 443 1635 Apostolicam
465 1553 654 1617 relationem
681 1557 862 1636 praestitit:
891 1557 924 1617 in
957 1577 1019 1636 qua
1049 1563 1161 1618 contra
1190 1559 1238 1626 ur,-

133 1658 367 1740 cbipraesulem
390 1681 482 1723 suurn
504 1660 684 1723 accusando
707 1663 890 1743 consurgit,
924 1663 1014 1742 quasi
1043 1663 1112 1724 eius
1145 1660 1239 1743 agendi

132 1767 289 1828 rationem
311 1767 449 1845 probare
470 1786 534 1828 non
556 1769 717 1846 potuerit,
739 1768 888 1847 inprimis
910 1769 944 1830 in
967 1788 1028 1844 eo,
1052 1766 1138 1849 quod
1159 1786 1238 1848 penes

131 1879 313 1953 provectam
335 1872 399 1934 iam
430 1860 566 1934 aetatem
595 1876 686 1935 suam
715 1879 748 1934 et
775 1874 878 1936 minus
908 1871 1036 1954 plenam
1069 1873 1238 1936 dioeceseos

133 1976 373 2058 cognitionem,
398 1979 574 2070 peritorum
612 1980 751 2041 virorum
780 1977 917 2041 consilia
961 1981 1137 2061 spreverit,
1167 1997 1237 2062 pree,

132 2083 265 2162 byteros
289 2075 391 2145 minus
414 2086 565 2148 canonice
593 2079 798 2163 tractaverit,
832 2104 951 2166 eosque
978 2084 1022 2150 ad
1053 2087 1237 2148 subscriben-

134 2184 200 2250 das
225 2176 332 2251 tbeses
362 2209 425 2251 non
454 2190 487 2252 in
518 2191 663 2252 omnibus
701 2188 866 2252 doctrinae
905 2189 1072 2253 Ecclesiae
1102 2206 1238 2253 consonas

132 2295 294 2375 coegerit,
316 2293 472 2376 pluraque
494 2299 533 2358 ab
556 2297 767 2359 Antecessore
789 2316 850 2357 suo
873 2295 915 2357 ad
937 2295 1110 2359 utilitatem
1133 2303 1166 2359 et
1185 2293 1235 2377 glo·

105 2396 110 2437 .·
131 2399 212 2462 riam
233 2397 400 2463 Ecclesiae
421 2404 502 2464 bene
524 2403 670 2464 instituta
692 2403 887 2480 turbaverit,
911 2409 1004 2483 atque
1036 2404 1083 2465 sic
1115 2405 1184 2466 eius
1201 2419 1237 2462 ra·

134 2506 179 2568 tio
203 2505 401 2586 gubernandi
423 2526 483 2568 non
507 2507 648 2569 studium
670 2506 879 2587 aedificandi,
903 2507 960 2570 esd
980 2507 1166 2571 destruendi
1184 2523 1236 2585 spe-

132 2613 212 2674 ciem
234 2610 460 2692 praesetulerit
485 2608 562 2685 ⁵⁶⁷).
584 2613 644 2674 Die
667 2613 794 2675 tandem
818 2618 868 2675 27.
884 2613 1087 2676 'Novembris
1120 2614 1161 2676 ad
1191 2608 1236 2674 ele·

131 2719 269 2779 ctionem
300 2721 419 2779 Victorii
444 2723 638 2796 Capitoliumn
665 2719 750 2779 idem
783 2718 966 2799 Capitulum
998 2722 1178 2800 processit,
1201 2726 1235 2778 ta·

130 2821 256 2904 lemque
278 2825 309 2884 in
332 2843 469 2904 persona
503 2824 522 2886 J
531 2823 681 2895 oannis
715 2824 884 2905 Hiisgen
913 2827 1056 2888 unanimi
1088 2831 1162 2888 voto
1190 2819 1236 2884 ele·

131 2930 198 3010 git:
221 2928 402 2991 cuiusmodi
424 2928 582 2991 electione
604 2949 662 3010 per
684 2931 819 3010 Regium
843 2950 966 3009 quoque
989 2931 1155 2993 Placetum
1181 2945 1235 2992 con·

131 3037 276 3113 firmata,
300 3031 486 3096 electionem
518 3055 578 3115 ope
609 3033 772 3098 literarum
804 3035 1017 3099 Circulari'um
1051 3037 1103 3098 die
1135 3044 1164 3099 2.
1191 3035 1235 3096 lle·

131 3141 268 3203 cembris
291 3139 332 3202 ari
352 3141 501 3202 notitiam
524 3140 612 3202 Cleri
644 3142 846 3219 dioecesani,
879 3140 984 3205 literis
1016 3162 1091 3204 vero
1122 3140 1185 3206 olel,
1200 3139 1235 3199 li.

131 3246 315 3308 Decembris
347 3245 441 3308 Sedis
471 3245 677 3327 Ap'ostolicae
704 3247 855 3330 pertulit,
878 3248 1000 3311 electus
1031 3262 1137 3312 autem
1158 3247 1235 3312 Vita·

130 3352 198 3415 rius
220 3351 254 3414 in
277 3350 428 3413 distincto
452 3351 590 3434 supplici
611 3350 725 3415 libello
739 3355 801 3417 ¹die
826 3359 853 3418 5.
876 3357 952 3419 Dec.
975 3354 1090 3418 solitas
1120 3349 1233 3417 faculta·

44 3500 45 3503 =
130 3465 179 3522 tes
201 3479 219 3520 a
241 3457 325 3522 Sede
347 3457 533 3540 Apostolica
556 3459 618 3522 sibi
640 3458 781 3542 delegari
804 3459 971 3524 humiliter
993 3462 1099 3542 petiit.
1125 3458 1187 3534 568)

133 3607 381 3622 ἡ*

200 3670 267 3738 565)
286 3677 319 3725 ci.
339 3669 361 3738 6.
381 3673 441 3725 118.

202 3764 270 3831 566)
287 3771 378 3819 Mon.
396 3765 457 3817 220.
475 3780 536 3832 pag.
574 3767 635 3819 318.

201 3855 269 3922 667)
291 3861 382 3911 Mon.
408 3850 487 3909 221⁸·
505 3872 567 3924 pag.
587 3859 647 3910 619.

201 3947 268 4014 568)
294 3953 388 4002 Mon.
407 3933 486 4002 till·
504 3965 567 4016 pag.
586 3950 647 4002 621.
666 3975 700 3987 -
719 3954 789 4002 Acta
813 3951 924 4011 quaevis
952 3951 1172 4015 buclspectsutis
1187 3954 1230 3996 cot·

165 4045 283 4094 tinentur
302 4045 362 4093 tuse
383 4044 496 4094 deducte
510 4044 537 4092 in
552 4040 660 4094 libello:
679 4046 738 4094 Dos
749 4044 1125 4101 Metropolitae-Domuum
1137 4056 1170 4093 ss
1182 4033 1232 4091 libis

164 4138 193 4185 in
210 4137 310 4186 oeioem
329 4137 442 4194 itecbte,
461 4137 524 4183 oder
546 4138 686 4186 Verbotteo
710 4136 846 4186 desselben
863 4137 919 4185 uad
943 4137 1018 4186 aeine
1040 4131 1231 4188 venundaret

163 4228 213 4276 mit
237 4229 297 4277 dem
323 4228 521 4285 Apostolisctes'r
547 4229 639 4278 Stubte
667 4229 695 4278 ia
721 4232 768 4279 der
793 4227 1035 4290 Erebisebo'flicbea
1060 4229 1157 4281 Suebe.
1172 4217 1228 4277 llll*

165 4317 256 4371 1838.
276 4333 335 4380 naa·
355 4316 404 4369 93.
423 4333 474 4381 ιιι.
