2798 4838
584 295 814 366 -549-

134 416 221 502 cari:
244 459 314 501 cum
336 447 426 520 parte
449 458 486 502 ex
509 460 569 503 una
592 440 746 502 articulus
778 441 830 502 hic
862 459 924 500 non
947 437 1036 501 aliud
1064 443 1261 523 praecipiat,

134 565 232 626 quam
253 553 289 607 ut
311 552 403 607 matr.
426 547 522 607 mixta
554 565 679 626 semper
701 565 808 607 coram
831 545 971 624 parocho
1001 545 1160 608 catholico
1192 548 1261 609 ine·

133 659 248 733 antur,
279 650 513 713 benedictionis
536 658 641 712 autem
663 648 750 712 velut
772 659 860 713 entra
881 650 1051 731 sphaeram
1080 671 1170 713 suam
1203 672 1261 734 po·

134 759 217 818 sitae
239 777 278 818 ne
301 758 480 817 meminerit
503 755 650 836 quidem3
674 762 765 836 parte
786 774 861 816 vero
883 754 1034 818 exaltem
1055 757 1261 837 impedimen-

134 871 168 925 ta
191 883 251 942 per
274 863 461 943 denegatam
483 860 737 923 benedictionem
758 867 850 923 matr.
872 863 980 924 mixtis
1003 882 1066 924 non
1093 870 1262 943 ponantur,
1294 877 1299 884 ·

134 988 206 1030 cum
228 989 321 1030 nemo
344 967 555 1049 impediatur,
586 968 752 1047 quominus
776 968 873 1029 etiam
902 968 936 1029 in
967 989 1064 1046 casu,
1096 988 1156 1049 quo
1192 970 1261 1029 sine

134 1072 271 1136 cautelis
294 1093 352 1152 per
372 1071 552 1135 Ecclesiam
574 1072 738 1153 requisitis
756 1078 862 1137 matr.
899 1063 1031 1135 mixtum
1062 1072 1143 1134 inire
1175 1071 1261 1152 vuit,

133 1178 199 1240 tale
222 1172 327 1241 coram
349 1179 490 1259 parocho
514 1178 646 1260 proprio
668 1178 750 1238 inire
779 1178 901 1258 possit3
925 1166 1018 1242 usum
1041 1172 1169 1275 demum
1189 1159 1261 1259 plu-

133 1286 217 1347 rium
241 1304 392 1346 annorum
415 1305 474 1363 pro
497 1282 712 1362 impertienda
734 1283 802 1344 sine
827 1283 1011 1346 discrimine
1041 1285 1262 1347 benedictione

134 1396 227 1452 matr.
250 1391 418 1451 mixtorum
440 1389 560 1450 frustra
581 1387 735 1469 allegari:
764 1408 835 1450 cum
864 1409 941 1450 usus
964 1390 1017 1451 bic
1040 1392 1131 1452 onice
1154 1389 1262 1453 indul·

134 1497 262 1576 gentiae
285 1493 374 1557 Cleri
397 1493 559 1556 Catholici
581 1515 597 1555 c
619 1496 744 1556 sincero
767 1495 856 1572 pacis
879 1493 1032 1557 colendae
1050 1495 1162 1557 'studio
1186 1516 1261 1575 pro-

132 1601 258 1678 iectae,
288 1619 385 1682 porro
407 1601 561 1683 paucitati
582 1600 757 1691 'mixtorum
787 1606 878 1663 matr.
901 1608 933 1662 ct
954 1600 1006 1663 rei
1027 1602 1162 1664 maxime
1184 1620 1261 1689 pos-

93 1738 95 1745 ·
134 1706 286 1769 sibilitati
307 1726 366 1785 per
387 1704 577 1769 Reversaies
609 1712 664 1767 aut
686 1705 750 1766 alio
775 1706 869 1767 modo
892 1706 1056 1767 obtinendi
1087 1705 1142 1786 id,
1175 1706 1263 1786 quod

134 1811 305 1875 Catholica
326 1810 472 1873 Ecclesia
495 1810 679 1894 desiderat,
700 1812 826 1872 innixus
850 1811 957 1874 luerit.
981 1809 1056 1885 ¹⁰⁵³)
1080 1815 1178 1883 -··c)
1203 1814 1263 1873 Ai-

133 1929 239 1980 terom
267 1918 604 1998 Repraesentationem
643 1916 826 1978 eorumdem
856 1915 1042 1979 l’raosulum
1075 1915 1145 1979 sub'
1164 1919 1260 1979 finem

135 2024 348 2087 Comitiorum
371 2022 411 2083 ad
433 2021 634 2084 Altissimum
657 2023 778 2084 Locum
800 2021 987 2099 dimissam,
1019 2029 1051 2084 et
1071 2024 1261 2085 reflexiones

133 2129 289 2216 adversus
311 2129 486 2210 projectum
507 2125 636 2189 articuli
657 2128 732 2188 novi
753 2110 955 2207 religiosarii
971 2131 1205 2191 continentem:
1228 2131 1260 2190 in

132 2237 195 2297 hae
217 2222 388 2295 Praesides
408 2235 546 2313 primum
568 2229 660 2314 plura
692 2241 804 2294 contra
835 2243 1034 2311 praetensam
1065 2253 1125 2315 per
1146 2236 1262 2296 Prote·

136 2348 258 2403 stantes
280 2338 454 2422 perfectam
476 2339 509 2398 in
530 2340 658 2420 negotio
670 2335 850 2419 Religionis
867 2359 937 2401 cum
949 2338 1126 2402 Catholicis
1144 2360 1263 2422 aeqsra·

135 2445 262 2508 litatem
270 2462 313 2507 ‘ac
329 2445 587 2524 reciprocitatem
604 2446 752 2525 apposite
768 2452 915 2524 monent,
938 2453 1004 2507 tum
1024 2446 1263 2508 demonstrant:

133 2540 305 2633 praecipua
332 2547 469 2611 Articuli
491 2550 662 2630 projecisti
683 2556 800 2628 puncta
823 2569 894 2611 cum
924 2552 1093 2632 principiis
1116 2550 1262 2631 Religio-

115 2660 188 2729 ,nis
211 2655 397 2719 Catholicae
420 2655 567 2735 componi
587 2674 652 2714 non
674 2673 791 2736 posse,
821 2661 877 2715 aut
906 2674 977 2716 esse
1006 2654 1037 2716 ei
1057 2653 1148 2717 valde
1170 2676 1262 2736 prac-

130 2762 315 2835 indiciosa3
346 2764 511 2842 signanter
531 2757 721 2821 Reversales
744 2760 776 2819 in
805 2761 971 2841 principiis
1004 2744 1174 2823 catholicis
1205 2782 1263 2844 ap-

129 2871 236 2952 prime
257 2867 385 2928 inndari
408 2875 440 2928 et
461 2865 526 2945 legi
549 2866 671 2943 patriae
694 2884 891 2946 nequaquam
912 2886 1107 2948 repugnare,
1129 2864 1261 2928 illarum

132 2975 230 3055 proin
253 2973 458 3035 abolitionem
479 2990 541 3033 non
566 2991 637 3032 esse
657 2970 937 3052 pronunciandam.
959 2954 1262 3044 1056)’-ι1)()οιι-

134 3079 447 3142 tradictio-nem
477 3077 691 3138 Primatis
723 3076 875 3138 adversus
906 3076 1117 3160 projectatum
1148 3096 1263 3139 novum
1311 3063 1312 3066 ¹

136 3183 306 3249 articulant
336 3182 577 3265 religipnarium
607 3183 813 3244 insessione
834 3188 903 3244 147.
933 3181 986 3244 die
1009 3188 1038 3246 6.
1061 3183 1142 3245 Maii
1171 3188 1263 3245 1840.

96 3366 101 3375 ‚
136 3310 197 3354 suo
220 3295 253 3352 et
276 3288 364 3351 Cleri
387 3286 548 3351 Catholici
570 3289 696 3350 nomine
719 3286 895 3350 solenniter
923 3290 1155 3371 interpositam.
1184 3285 1261 3362 ¹⁰³⁷)

139 3484 389 3501 m

211 3597 303 3678 1055).
315 3603 402 3650 Mon.
421 3599 481 3652 tte.
501 3614 564 3666 psg.
582 3602 644 3653 698.

211 3692 282 3744 1056
314 3694 368 3744 Mo
379 3706 405 3745 n.
424 3693 484 3744 370.
503 3706 566 3758 psg.
584 3693 644 3766 703.

212 3785 281 3837 1057
315 3787 343 3834 hi
354 3801 368 3834 o
379 3801 405 3836 n.
424 3784 485 3835 371.
504 3800 564 3852 pag.
584 3783 644 3834 716.
767 3787 771 3807 '

581 4008 826 4021 *wa-u·-
