2798 4838
619 285 671 298 -
698 245 773 317 roo
800 215 858 298 -’

169 413 204 454 ra
222 387 304 453 mala
320 387 353 452 in
375 387 515 452 familias
536 409 572 451 ac
589 382 829 452 communitates
849 388 1012 452 dimanare
1032 389 1188 472 ostendit,
1213 393 1297 455 haud

52 511 53 514 ’
170 496 266 559 aliter
297 496 546 577 praevertenda,
579 516 673 576 quam
703 497 733 557 si
755 497 904 558 Potestas
926 495 1121 576 Legislativa
1154 499 1204 560 sic
1234 506 1296 561 sta-

169 602 286 663 tuerit:
318 609 371 684 ut,
391 602 448 662 ubi
469 601 599 681 Religio
624 599 792 664 catholica
824 600 1002 685 praevalet,
1032 601 1143 683 proles
1173 623 1296 684 quoquc

50 711 53 716 '
169 707 251 769 hano
273 704 524 786 amplectantur,
557 706 705 788 idemque
727 698 829 768 relate
861 708 957 769 etiam
988 706 1029 769 ad
1052 709 1296 772 Confessionem

168 813 438 875 Protertauticam
461 815 667 876 observetur:
690 814 765 874 hinc
786 811 898 875 laudat
919 814 1110 894 praeprimis
1134 814 1294 882 decretum

169 923 212 980 M.
236 922 337 980 Ducis
358 923 680 980 saco-Vtmarteasts
703 917 742 979 de
765 938 813 980 an.
840 923 934 981 1823.
963 919 1000 979 id
1031 918 1231 1001 disponens,
1264 929 1295 984 ιιι

127 1049 129 1052 ’
168 1023 279 1104 proles
303 1044 372 1086 eam
395 1025 630 1087 confessionem
654 1029 847 1103 sequantur,
872 1025 922 1086 cui
946 1026 1087 1087 antenati
1108 1023 1293 1090 alterutrim

168 1130 312 1209 parentis
334 1149 353 1192 a
373 1112 516 1210 longiori
537 1130 601 1191 iam
624 1135 768 1210 tempore
791 1127 912 1190 addicti
934 1129 1037 1191 fuere.
1058 1125 1123 1205 ³⁹⁷)

67 1313 69 1320 s
272 1239 322 1297 86.
344 1216 554 1315 losephus
578 1232 768 1312 Scheill,
798 1253 861 1295 con
886 1242 948 1296 deu
972 1239 1186 1299 vermisctten
1209 1241 1294 1300 Eitea

169 1345 329 1404 zwtaclcco
344 1344 537 1404 Kattotiteo
554 1346 623 1402 uod
636 1346 698 1405 den
715 1343 918 1417 Mttqttedera
938 1347 1076 1402 ιιιιιιιιιι·
1094 1346 1293 1405 caracteres

171 1446 407 1520 Gonttssiocca.
435 1450 594 1527 Beatam,
615 1447 803 1507 Athanasio.
819 1449 906 1506 XVI.
923 1445 1008 1520 Heft.
1033 1450 1134 1508 1889.
1157 1469 1189 1526 p.
1216 1453 1291 1510 61-

168 1555 240 1613 118.
263 1549 357 1612 dein:
379 1555 491 1614 Morere?
514 1553 725 1629 desciscit,
747 1553 969 1613 institutiones
984 1556 1078 1612 sorte
1093 1557 1216 1616 Erotes.
1238 1557 1291 1616 m.
1334 1579 1336 1629 ς

169 1663 208 1718 Χ.
229 1661 263 1718 Τ.
279 1662 310 1719 2.
336 1661 539 1719 Luadtatrtti.
554 1661 658 1718 1880.
679 1676 711 1733 p.
731 1660 938 1744 409÷4oa
963 1655 1133 1719 historiam
1156 1678 1227 1721 cnm
1249 1659 1292 1720 di·
1333 1640 1336 1649 ¹

169 1760 331 1843 seiplinae
353 1759 520 1824 Ecclesiae
549 1767 617 1822 tum
646 1758 753 1841 legum
783 1759 924 1822 civilium
954 1764 987 1822 in
1011 1762 1186 1827 Germania
1216 1765 1291 1828 circa

169 1873 262 1930 matr.
285 1868 385 1929 mixta
406 1865 542 1929 latarum
565 1869 726 1949 proponit.
740 1865 814 1949 ¹Sed
835 1866 869 1927 in
896 1870 1145 1947 pertractatione
1163 1861 1291 1932 ¹doctri-

168 1970 236 2035 nali
257 1972 353 2033 huius
376 1973 574 2052 quaestionis
596 1992 660 2034 uon
682 1973 762 2034 satis
785 1972 945 2034 faventem
967 1980 1116 2055 expertus
1149 1980 1201 2037 est
1230 1974 1292 2037 ior·

152 2086 287 2141 tunam.
309 2077 389 2139 Nam
410 2077 452 2140 ad
476 2079 714 2159 quaestionem
738 2075 877 2158 qualiter
899 2080 1067 2141 conflictus
1091 2078 1225 2142 duarum
1235 2081 1291 2142 Po·

168 2189 342 2262 testatum,
365 2203 474 2246 sacrae
498 2185 615 2264 quippe
638 2190 670 2246 et
692 2182 796 2246 civilis
819 2187 1003 2265 praecaveri
1025 2187 1159 2268 possit?
1191 2185 1292 2249 datum

169 2310 227 2371 per
250 2309 322 2352 enm
338 2308 553 2372 responsum,
575 2289 663 2369 quod
679 2295 746 2352 tota
767 2309 820 2351 res
835 2292 1004 2352 mixtorum
1023 2292 1292 2354 matrimoniorum

166 2383 214 2458 'sit
235 2414 341 2457 merae
363 2397 576 2458 conscientiae
604 2414 656 2456 res
688 2401 720 2456 et
749 2392 848 2475 talis,
877 2415 958 2474 quae
978 2397 1028 2467 ab
1050 2398 1136 2458 omni
1166 2395 1291 2478 legisla-

169 2501 269 2563 tionis
292 2498 396 2562 civilis
419 2503 540 2563 influxu
570 2501 720 2562 immunis
753 2521 824 2563 esre
858 2501 972 2565 debetz
1002 2502 1151 2565 Eruditis
1183 2502 1292 2584 displi-

170 2608 256 2686 cuit,
279 2608 334 2688 qui
358 2627 431 2669 mox
453 2605 766 2685 animadverterunt,
788 2608 966 2689 projectum
987 2609 1137 2671 Auctoris
1168 2610 1202 2670 in
1225 2630 1292 2691 pra·

170 2715 234 2775 rim
257 2685 374 2775 deduci
397 2712 484 2782 haud
499 2707 686 2794 possem).
712 2714 792 2774 (lum
814 2715 1042 2794 porroAuctor
1056 2733 1156 2794 penes
1175 2734 1292 2776 ornnem

168 2815 248 2880 licet
280 2819 491 2881 eruditionem
521 2825 553 2880 et
586 2818 724 2880 animum
755 2817 923 2880 Ecclesiae
944 2803 1142 2881 'Catholicae
1175 2821 1292 2883 sincere

170 2923 353 3005 addictum,
385 2926 512 3005 saepius
534 2942 641 2989 veram
665 2943 755 2986 suam
778 2926 968 2986 sententiam
989 2923 1161 3006 celaverit,
1193 2933 1227 2988 et
1247 2946 1293 2988 cc·

171 3034 240 3091 tera
272 3032 357 3092 inter
386 3030 448 3092 hoc
478 3048 614 3116 quoque
643 3028 862 3091 adstruxerit:
901 3030 1077 3111 parochum
1106 3030 1295 3094 catholicum

171 3135 258 3195 omni
280 3133 427 3215 equidem
449 3135 522 3197 nisu
543 3133 658 3197 fideles
681 3137 720 3195 ab
743 3133 891 3196 ineundis
914 3136 1021 3198 mixtis
1034 3145 1037 3151 '
1051 3137 1211 3218 coniugiis
1243 3136 1294 3199 de-

98 3284 100 3291 .
171 3239 317 3319 hortari,
348 3242 595 3320 promissionem
615 3247 723 3302 tamen
755 3260 852 3320 super
874 3239 1033 3303 catholica
1055 3243 1198 3304 omnium
1224 3263 1295 3326 pro·

171 3344 252 3407 lium
275 3344 462 3408 educatione
486 3346 614 3409 minime
637 3347 763 3426 exigere
787 3346 926 3426 debere,
947 3367 1017 3409 cum
1040 3350 1080 3410 ob
1096 3348 1151 3428 id,
1174 3354 1243 3413 tum
1258 3351 1295 3411 ob

171 3450 236 3515 alia
258 3452 363 3513 minus
387 3456 478 3513 caute
501 3459 534 3514 et
554 3451 648 3530 plane
672 3469 805 3514 erronee
836 3450 965 3514 adserta
995 3454 1110 3516 merito
1141 3456 1294 3536 perstrin-

171 3561 305 3640 gebatur
324 3553 406 3633 8⁹⁹);
429 3576 527 3638 quare
543 3557 758 3621 necessarium
777 3556 884 3636 duxit,
906 3566 1044 3623 mentem
1062 3579 1152 3624 suam
1169 3562 1294 3624 uberius

181 3685 422 3700 m

241 3768 310 3834 397)
328 3773 363 3823 ct.
381 3766 405 3835 d.
423 3771 467 3823 92.

243 3859 310 3927 398)
329 3863 444 3929 Korn,
472 3862 634 3915 tattotirctc
661 3861 909 3925 Literatorzeituop.
934 3864 1010 3915 XXI.
1037 3865 1129 3927 toury.
1158 3862 1248 3918 1880.
1271 3861 1293 3913 2.

159 3950 161 3954 ’
209 3956 243 4004 Β.
261 3969 287 4012 ιι.
306 3951 377 4006 296.

246 4041 314 4107 399)
334 4046 477 4109 Kattolitc,
495 4047 556 4097 ctae
573 4044 695 4106 rettsttse
714 4045 875 4105 Zeitsctrift.
901 4043 951 4097 43.
971 4049 1003 4097 B.
1023 4044 1154 4106 18314).
1176 4045 1243 4101 214.
1258 4047 1292 4110 ff:

206 4172 224 4199 „
238 4163 274 4174 —
291 4151 322 4188 es
332 4130 374 4187 ist
388 4135 588 4203 Verlingnung
606 4138 697 4189 seiner
724 4138 880 4188 theuersteu
907 4138 1040 4190 Pflichten
1058 4153 1150 4206 gcgcu
1170 4141 1292 4207 Religion

208 4230 263 4279 und
287 4229 403 4288 Kirche,
433 4229 625 4296 Autopierung
653 4231 700 4280 der
726 4227 866 4281 hiensteu'
884 4231 1040 4282 iuteressen
1064 4245 1109 4282 um
1136 4231 1291 4285 schmiliclre

208 4320 375 4385 Schwiche,
394 4334 475 4374 wcnn
494 4334 555 4373 man
573 4332 604 4370 so
630 4320 696 4375 weit
713 4320 795 4386 geht,
813 4321 848 4373 im
867 4327 1012 4376 concreten
1035 4320 1113 4376 Folle
1140 4321 1222 4380 Alios
1240 4325 1288 4376 dem
