2798 4838
526 108 755 195 ,ζωό-

566 408 602 502 g.
629 394 714 480 'rsa

331 577 575 635 lsltcrnturo
601 591 651 633 ox
670 577 838 649 liparus
858 577 937 635 ΙΙΙ.

178 784 248 841 387.
273 784 343 842 388.
373 781 422 842 lix
450 779 558 842 seculo
589 781 750 860 superiori
783 781 910 843 unicum
942 774 1132 867 opusculum
1162 777 1202 843 de

69 891 166 948 matr.
190 887 297 947 mixtis
321 905 338 946 e
360 883 509 967 professo
533 892 672 948 tractans
693 889 786 949 nobis
808 887 971 951 innotuit:
1002 888 1204 964 Rcflecionos

68 998 107 1053 s'n
128 996 363 1053 Resoluttonem
383 996 513 1069 Raptam
533 998 574 1053 do
602 996 776 1054 educandis
794 998 831 1054 in
850 997 931 1055 Fide
961 996 1051 1055 Uati.
1080 997 1203 1057 micros

67 1101 235 1174 religionis
263 1101 459 1157 matrimonii
487 1102 647 1177 prolibus,
687 1098 894 1178 Mogontiae‚
923 1099 972 1160 uti
1001 1098 1153 1178 fingitur,
1183 1119 1203 1161 ι
1294 1092 1298 1097 ’

71 1207 167 1264 1793.
190 1201 321 1263 editum.
344 1203 465 1264 Auctor
486 1201 609 1282 libelli,
632 1201 724 1264 valde
746 1201 847 1265 multa
869 1210 980 1265 contra
1011 1201 1200 1267 catholicos

68 1308 242 1389 inprimis
273 1310 313 1370 ob
345 1315 524 1369 assertum:
545 1310 640 1384 {idem
672 1312 860 1372 annonam
884 1314 984 1373 rotam
1008 1328 1077 1371 osse
1100 1312 1202 1371 adoi-

67 1415 165 1489 ficorn
202 1413 338 1494 profert,
384 1414 530 1476 mandata
561 1433 636 1475 vero
668 1415 770 1494 Regia
801 1415 1056 1477 Protestautibus
1087 1412 1201 1477 odioso

70 1517 161 1580 Cleri
182 1526 291 1602 motu,
315 1517 471 1600 neglectis
493 1519 567 1582 aliis
591 1521 736 1581 omnibus
758 1519 969 1599 Reipublicae
997 1518 1201 1582 necessitati·

68 1624 132 1687 bus
154 1644 191 1685 ac
213 1625 388 1704 institutis,
413 1628 538 1688 etiamsi
560 1622 618 1687 illa
640 1623 779 1706 plurium
807 1627 921 1688 civium
952 1625 1098 1689 fortunas
1129 1630 1200 1711 tau·

68 1737 200 1812 gerent,
223 1731 368 1811 expediri
390 1734 454 1794 ait:
479 1751 612 1812 qrrorum
633 1732 666 1792 in
689 1750 854 1793 numerum
883 1730 983 1793 refert
1012 1724 1200 1809 llesolutio'-

68 1856 143 1898 uem
165 1834 205 1897 de
227 1857 256 1898 a.
281 1841 372 1899 1792.
395 1857 473 1917 quae
495 1835 720 1917 Reversalibus
755 1856 852 1918 super
872 1836 1060 1899 educatione
1088 1835 1200 1899 cotho-

67 1939 134 2004 lica
162 1939 299 2022 prolium
321 1945 439 2005 mixtae
470 1941 636 2023 religionis
666 1943 940 2005 matrimoniorum
968 1944 1111 2025 vigorem
1140 1943 1200 2006 trl·

67 2047 159 2124 buit3
184 2046 223 2108 de
246 2049 298 2110 his
321 2056 450 2129 censet,
474 2049 631 2131 objectum
653 2046 781 2109 illarum
804 2054 836 2111 et
864 2050 1025 2129 impurum
1056 2068 1145 2132 esse,
1168 2054 1201 2111 et

66 2151 241 2233 illicitum,
274 2174 345 2216 cum
377 2156 421 2216 sit
449 2156 482 2216 in
516 2157 683 2217 obversum
712 2154 793 2216 iuris
822 2153 997 2235 naturalis,
1027 2162 1060 2217 et
1089 2159 1199 2217 contra

70 2278 181 2321 omues
210 2260 307 2340 iusti,
338 2261 432 2340 aequi
461 2267 493 2322 et
521 2262 599 2324 boul
625 2258 765 2346 regulas.
792 2291 835 2303 —
865 2262 900 2323 ln
939 2258 1084 2323 libellum
1114 2259 1199 2323 brino

67 2362 183 2450 plures
202 2366 391 2427 reflexiones
413 2365 552 2447 vulgavit
584 2366 889 2447 Perottus-quidem
899 2413 911 2451 ,
931 2375 968 2429 ut
997 2387 1033 2430 se.
1053 2366 1200 2428 nomina·
1292 2392 1295 2397 ·

67 2471 116 2530 vit
124 2517 136 2553 ,
160 2473 406 2533 Gis-Montanus
434 2492 452 2533 a
477 2477 559 2534 1793
577 2477 608 2532 et
624 2471 760 2533 detexit:
778 2474 950 2535 Auctorem
968 2471 1088 2552 prioris
1107 2468 1197 2550 opel-

68 2573 122 2637 lae
145 2576 238 2655 ideo,
251 2575 347 2657 ‘quod
370 2576 524 2658 ampliora
544 2576 694 2639 iudicatu
715 2575 880 2638 Nobilium
908 2574 1083 2654 subsellia,
1104 2573 1197 2638 molis

66 2678 148 2743 licet
170 2682 291 2744 artibus
326 2688 358 2745 et
387 2702 457 2745 cum
485 2683 723 2763 perturbatione
752 2683 845 2743 unius
876 2682 980 2762 Regni
1011 2680 1198 2745 Provinciae

66 2789 210 2849 virorum
234 2789 397 2869 quaesita,
420 2788 558 2870 adipisci
579 2787 774 2868 nequiverit,
796 2787 956 2849 furentem
986 2788 1019 2849 lu
1048 2783 1197 2851 catholi-

68 2913 127 2955 cos
150 2891 305 2955 calamum
327 2895 505 2957 strinxisse.
539 2892 674 2956 Refellit
703 2898 816 2956 cuncta
847 2894 988 2955 auctoris
1017 2893 1113 2957 huius
1145 2892 1196 2957 di-

69 3000 193 3078 cteria,
217 3009 248 3060 ct
279 2998 427 3081 dogmate
459 3000 498 3060 de
530 3021 591 3062 una
621 2999 764 3062 salvifica
796 2997 944 3061 Ecclesia
973 3005 1194 3082 propugnato,

68 3103 316 3168 Resolutiouem
337 3107 411 3167 anui
436 3111 526 3168 1792.
557 3105 596 3168 de
616 3090 856 3197 severanus·
886 3111 1047 3184 nmquam
1077 3106 1196 3171 iustum

68 3231 107 3272 ac
129 3212 352 3289 aequissimam
376 3211 532 3274 defendit.

172 3321 244 3379 389.
267 3321 339 3379 399.
364 3318 398 3378 lu
420 3318 556 3379 historia
576 3316 722 3380 literaria
744 3318 785 3380 de
807 3327 898 3380 matr.
922 3319 1034 3381 mixtis'
1064 3308 1194 3380 silentio

66 3423 244 3504 praeterire
285 3423 372 3484 haud
409 3424 580 3504 possumus
621 3442 702 3506 opus
741 3425 947 3502 posthumum
988 3423 1196 3502 Gregorii

38 3530 343 3613 ,Berzevitzffi
382 3530 522 3608 supremi
559 3527 825 3608 Evangelicorum
865 3528 1000 3608 August.
1044 3525 1195 3589 Consors.

63 3633 140 3696 cis·
163 3640 194 3694 et
217 3634 507 3696 Trans-Tibiscum
529 3634 743 3714 inspectoris,
767 3635 826 3695 sub
847 3632 910 3695 hoe
942 3630 1061 3694 titulo:
1085 3636 1196 3694 Noen-

61 3742 192 3801 riobten
205 3745 284 3801 siber
300 3741 512 3817 denjetzipen
536 3745 687 3802 Zostond
708 3746 766 3800 der
790 3743 1038 3818 Evangeliscben
1062 3741 1100 3799 in
1126 3738 1195 3803 Une

60 3841 609 3925 parn.l'reipzip.1822.iulucem
641 3843 772 3907 editum.
804 3845 839 3907 ln
868 3864 905 3906 eo
937 3845 1077 3924 Auctor,
1109 3830 1198 3906 malo

60 3951 98 4012 iu
120 3948 300 4012 Ecclesiam
324 3948 523 4012 catholicam
546 3952 672 4031 auimo,
694 3950 861 4031 productis
883 3949 1031 4035 plurimis
1067 3952 1194 4015 casibus

60 4054 304 4137 religiouariis‚
335 4058 368 4118 iu
401 4055 692 4143 quibus-illustres
723 4054 868 4139 ueloque,
891 4056 1071 4144 apostolico
1105 4054 1198 4138 pleni·

30 4202 34 4207 -
61 4160 285 4226 Ecclesiarum
307 4163 476 4226 Antistites
499 4182 558 4246 pro
580 4153 709 4226 munere
732 4182 790 4226 suo
813 4170 845 4225 et
875 4161 1078 4227 fundamento
1110 4160 1194 4244 legis
