2798 4838
588 245 762 313 -3-

153 391 291 470 coniugum
313 409 410 450 novae
433 396 537 451 sectae
559 387 676 467 placita
698 387 867 463 assumsit,
892 383 992 446 altero
1017 387 1050 447 iu
1072 385 1153 449 Fide
1172 390 1235 450 ltc-

97 524 100 595 p
150 480 243 555 clasiae
262 493 458 556 orthodoxae
479 502 704 587 permanente,
720 492 953 552 matrimonium
976 493 1133 554 eiusmodi
1155 495 1235 558 mis-

151 608 200 661 tuu
217 599 316 661 erasit.
339 597 546 661 MatrImonia
563 598 657 660 buius
674 598 800 678 generis
810 596 923 680 primis
938 612 1010 658 mox
1020 597 1235 663 lteiormstio-

152 705 188 766 nis
204 703 395 766 Lutbcranao
421 705 618 785 temporibus
635 702 776 765 evenisse
793 699 960 764 indubium
978 708 1036 764 est.
1073 705 1114 766 at
1136 724 1236 786 panca

152 810 219 869 initio
247 817 335 870 mant
365 808 548 870 huiusmodi
576 809 750 886 connubia,
788 808 822 868 in
853 808 967 887 quibus
996 828 1056 868 nna
1087 807 1237 874 duntaxat

154 917 288 994 taringum
310 934 385 993 pars
407 913 485 974 fidei
508 911 693 975 Catholicae
714 913 861 975 nuncium
883 914 988 974 misit:
1012 913 1086 974 binc
1103 921 1135 975 et
1158 933 1235 976 con·

154 1019 297 1097 ιιιιιιιιιι,
328 1039 367 1080 ae
401 1018 555 1097 dissidia,
584 1037 664 1098 quae
695 1016 754 1080 tali
783 1019 951 1080 occasions
981 1037 1038 1080 seu
1068 1017 1168 1082 relate
1195 1019 1237 1082 ad

153 1125 219 1204 ipsos
235 1124 404 1204 coniuges,
436 1125 501 1185 sive
523 1130 672 1205 respectu
695 1121 893 1184 educationis
917 1121 1140 1204 religiouariae
1160 1144 1236 1207 pro-

154 1227 210 1288 lion
232 1238 317 1291 enata
348 1236 440 1308 stant,
471 1247 529 1309 per
558 1231 647 1310 ipsos
672 1229 873 1310 potissimum
895 1230 1045 1309 coniuges
1067 1249 1238 1313 compone-

155 1335 253 1412 bantur,
288 1333 558 1415 religiouariaquc
588 1332 726 1415 prolium
757 1332 903 1395 educatio
934 1355 952 1395 a
982 1333 1156 1415 religione,
1187 1337 1238 1399 oni

157 1437 291 1516 Supremos
319 1440 440 1500 Terrae
469 1440 619 1519 Princeps
649 1438 795 1500 addictus
825 1438 906 1517 furt,
936 1457 1079 1500 normam
1101 1441 1238 1520 accipie-

158 1545 205 1603 bat
220 1544 289 1606 ilinc
311 1566 338 1604 e.
363 1564 393 1624 g.
415 1547 447 1604 in
478 1543 653 1605 ditionibus
682 1545 913 1625 Episcoporum
936 1543 1095 1622 simulque
1115 1545 1239 1606 Princi-

160 1666 217 1725 pnn
232 1654 377 1724 ιριιιιιιίι
398 1669 435 1709 ac
460 1653 718 1726 Wormots'eoss's,
750 1649 782 1707 in
813 1650 928 1726 quibus
959 1647 1088 1728 Religio
1112 1649 1239 1711 catho-

164 1748 214 1810 lica
223 1754 252 1811 ab
265 1753 477 1814 inmemoriaii
497 1762 638 1833 tempore
657 1753 822 1815 dominans
831 1754 939 1814 Status
950 1752 1078 1832 Religio
1102 1755 1236 1832 exstitit,

166 1857 317 1920 nrtrinonia
337 1879 398 1939 per
420 1860 586 1920 transitum
607 1860 700 1919 unius
723 1858 891 1937 coniugum
914 1858 954 1919 ad
976 1864 1093 1919 sectam
1119 1859 1239 1921 Lutbc-

158 1980 236 2023 ransm
252 1965 345 2025 mixta
368 1962 480 2025 effecta
501 1964 715 2025 characterem
737 1965 966 2024 connubiorum
993 1961 1239 2044 catholicorum,

156 2065 235 2146 quala
253 2070 288 2130 ab
309 2069 405 2130 initio
427 2069 537 2147 fuere,
560 2069 710 2148 deinceps
730 2087 854 2148 quoque
870 2070 1046 2147 retinuere,
1069 2071 1143 2147 quio
1165 2089 1241 2150 pro·

152 2169 189 2232 les
213 2192 311 2234 ornnes
343 2192 382 2234 ex
410 2175 451 2235 iis
482 2181 573 2235 natae
602 2175 633 2234 in
665 2172 836 2253 Religioue
868 2171 1035 2236 camoltca
1057 2173 1241 2237 educandae

148 2283 224 2339 crant.
244 2279 290 2339 Ex
310 2278 445 2340 adverso
469 2281 502 2338 in
524 2278 779 2359 Principatibus,
809 2297 939 2357 quornm
960 2278 1087 2340 Domini
1108 2276 1238 2361 placitis

145 2381 378 2447 Reformatorem
401 2402 436 2446 se
455 2383 617 2461 addixere,
628 2403 686 2464 pro
703 2383 929 2466 componendis
946 2382 1109 2463 religiosis
1131 2385 1241 2447 coniu-

140 2508 200 2568 gum
233 2491 346 2552 mistae
386 2487 551 2569 religionis
574 2488 719 2550 dissidiis
754 2508 941 2571 cynosuram
979 2490 1125 2569 praebuit
1154 2487 1241 2551 (ion-

140 2593 241 2678 iessio,
263 2615 356 2674 quam
378 2595 546 2673 Principes
569 2603 802 2669 assumserunt3
825 2593 859 2655 id
878 2593 963 2674 quod
982 2595 1121 2660 omnium
1136 2596 1243 2676 primo

139 2702 163 2760 iu
189 2700 306 2763 ditione
338 2701 436 2763 Ducis
468 2704 634 2777 Bs'pontr‘m'
662 2699 919 2774 (Zueibrriclr'en)
943 2699 1152 2778 factumest,
1184 2701 1242 2779 spui

139 2804 322 2887 iieiiglouem
343 2802 543 2868 Catholicam
566 2825 583 2865 e
604 2807 701 2866 terris
724 2806 792 2864 suis
815 2803 942 2864 exulare
962 2803 1078 2881 iussit,
1100 2809 1133 2863 ot
1153 2802 1240 2865 circa

137 2912 325 2973 matrimonia
347 2908 546 2972 subditorum
575 2929 704 2971 suorum
731 2909 833 2968 instar
852 2927 981 2968 normae
1002 2904 1037 2967 id
1057 2908 1241 2970 constituite

137 3024 165 3076 ut
183 3037 218 3078 ea
238 3020 271 3078 in
299 3022 465 3097 posterum
494 3012 630 3076 exclusis
659 3011 839 3093 Religionis
862 3008 1048 3075 Catholicae
1069 3011 1243 3092 ministris,-

134 3125 249 3184 nonnisi
282 3141 342 3204 per
381 3121 533 3182 Pastores
571 3117 781 3200 Evangelicos
819 3117 1026 3200 copulentur,
1066 3117 1241 3199 prolesque

135 3247 231 3289 omnes
252 3216 351 3288 fidem
372 3216 529 3306 Principis
552 3224 726 3285 Lutbcraoi
746 3225 964 3304 profiteantur.
988 3221 1024 3283 Si
1046 3227 1150 3283 auum
1173 3221 1241 3283 dis·

133 3331 207 3395 sidia
228 3341 260 3394 et
281 3332 500 3392 contentiones
522 3333 606 3391 iuter
621 3331 772 3408 coniuges
789 3330 878 3409 ipsos
898 3334 1024 3390 exortae
1043 3328 1127 3388 bono
1144 3323 1239 3388 modo

132 3439 270 3518 componi
299 3435 386 3498 baud
414 3443 579 3516 poterant,
601 3435 804 3514 potIssimum
825 3452 884 3514 per
906 3433 1140 3514 separationem
1160 3449 1240 3492 con·

131 3543 232 3624 iugum
254 3546 294 3605 ab
316 3542 469 3619 invicem,
497 3542 562 3605 imo
584 3537 715 3600 totalem
740 3557 863 3620 quoque
884 3537 1002 3599 vinculi
1024 3535 1241 3596 matrimonia·

131 3644 168 3709 ils
187 3646 379 3710 solutionem
402 3647 544 3728 sopitas,
575 3651 624 3725 et,
656 3644 741 3724 quod
770 3640 930 3723 singulare
951 3647 1019 3724 est,
1049 3636 1246 3703 solutionem·

132 3753 282 3814 eiusmodi
311 3770 375 3813 non
406 3772 425 3814 a
453 3751 585 3830 coniuge
614 3747 716 3810 solum
743 3747 945 3826 Lutbcrano,
976 3764 1083 3809 verum
1106 3745 1241 3807 etiams

130 3857 294 3920 catholico
323 3854 548 3933 sollicitatam,
570 3859 621 3916 ast
640 3875 660 3916 a
683 3854 892 3914 consistoriis
913 3848 1161 3934 Episcopalibus
1182 3867 1238 3911 ne·

129 3980 282 4045 quaquam
303 3961 476 4026 admissam
495 3959 617 4043 inisse,
638 3955 818 4040 legimus¹)

194 4213 228 4280 i)
242 4218 302 4269 linc
325 4214 547 4285 pertinen-quod
569 4209 777 4275 Dominicus
795 4211 879 4263 soto
897 4207 1075 4276 segobiensis
1096 4205 1139 4258 ins
1162 4205 1238 4256 Gom·

150 4303 239 4361 'neca
258 4307 489 4360 instituentem.
509 4303 702 4354 Salmantica&
715 4298 805 4354 1560.
824 4302 893 4353 utre.
912 4296 961 4351 ³9.
979 4304 1082 4350 nsrrstr
1104 4291 1236 4360 „conteu-

981 4392 995 4448 1
1019 4384 1038 4427 ἔ
