2798 4838
517 110 748 184 -511-

65 257 145 320 dere
175 262 208 318 et
237 254 387 318 decidere
417 253 510 319 velle.
551 289 588 300 —
623 258 747 319 interea
787 254 896 328 Statua
932 253 1198 335 catholicorum,

64 370 100 426 et
128 361 316 442 cumprimis
348 362 452 442 Regni
483 359 624 423 Praelati
656 365 714 424 sub
754 361 907 442 auspiciis
938 361 1198 426 cardinalis

24 548 30 557 ⁹
63 469 272 530 Primatis
301 486 319 529 a
350 468 562 548 Battbyan
593 469 719 529 iteratis
757 462 1121 545 Repraesentatio'uibus
1156 468 1196 532 ad

63 558 205 654 Regium
229 572 393 635 'l'bronum
416 571 559 634 dimissis
584 593 638 651 ca,
664 592 744 654 qnae
767 590 895 634 suarum
917 570 1025 633 forent
1047 575 1198 662 partium,

63 680 175 740 lacere
197 680 543 758 non-intermiserunt,
566 685 660 759 atque
691 685 801 741 contra
831 676 995 760 postulata
1021 674 1198 761 religionn-

62 787 116 847 ria
137 781 401 865 Evangelicornm
424 783 605 865 complures
628 785 809 847 meritorias
838 782 1018 849 formarunt
1047 785 1197 850 reflexio·
1294 781 1296 785 ’

61 869 136 953 nesss
159 891 329 972 Signauter
351 889 533 953 caraunuu
554 890 678 952 Prima.
699 891 732 952 u
762 891 916 972 nepueu
932 887 993 957 ιιι.
1024 895 1077 955 ιι.
1106 891 1226 972 eope.x

65 1000 161 1058 1790.
183 996 311 1056 nomine
333 997 551 1058 universorum
582 994 826 1057 catholicorum
858 992 1051 1059 declaravit:
1081 1005 1197 1077 postn-

62 1101 133 1163 lata
165 1100 429 1182 Evangelicorum
459 1103 491 1161 in
523 1120 557 1163 re
588 1099 764 1181 religionis
790 1099 868 1162 talia
898 1120 992 1184 esse,
1022 1080 1105 1182 quiae
1133 1103 1198 1184 ipsi

62 1208 226 1287 principio
251 1207 504 1268 Reformatiouis
527 1205 566 1268 de
586 1207 657 1268 iure
680 1205 876 1268 reformandi
906 1207 1114 1286 Principibus
1139 1209 1198 1271 tri-

62 1315 164 1391 buto,
187 1318 219 1374 et
240 1313 303 1373 iuri
325 1314 524 1373 maiestatieo
548 1313 688 1374 civitatis
710 1319 904 1394 repugnant3
921 1310 1104 1392 Religionis
1122 1333 1197 1395 por·

63 1437 104 1478 ro
138 1416 325 1480 Catholicae
356 1426 476 1478 certum
507 1417 576 1479 fere
605 1417 788 1501 interitum,
820 1419 870 1494 si,
901 1418 949 1477 uti
978 1417 1197 1499 projectatur,

65 1520 178 1604 proles
209 1525 242 1583 iu
274 1525 381 1583 mixtis
413 1508 581 1585 connubiis
611 1522 783 1585 secundnm
818 1521 1006 1627 mutabilemh
1032 1529 1199 1599 parentum

64 1629 332 1707 conventionem,
364 1635 420 1689 aut
446 1649 513 1709 non„
542 1629 672 1690 attentis
702 1629 826 1690 iuribus
866 1628 977 1689 matris
1009 1646 1137 1711 semper
1165 1629 1198 1690 in

64 1734 170 1814 patris
194 1733 397 1795 confessione
422 1734 592 1816 educatae,
614 1730 742 1795 attactis
766 1730 839 1794 dein
869 1732 1077 1795 discretionis
1107 1733 1199 1797 annis

64 1838 218 1900 libertate
263 1836 404 1919 eligendi
449 1859 665 1920 quaemcunque
713 1837 903 1919 religionem
943 1838 1082 1926 donatae
1127 1839 1199 1921 fue-

65 1945 134 2005 rint
158 1939 220 2016 987)
248 1945 391 2005 —Cum
424 1951 530 2006 autem
562 1942 828 2023 Evangelici
859 1945 955 2007 etiam
984 1963 1060 2008 suas
1089 1951 1199 2033 contra

64 2051 219 2111 intentam
242 2050 380 2112 omnium
402 2049 542 2130 prolium
564 2052 596 2111 in
628 2049 800 2129 Religione
831 2048 999 2112 Catbalica
1032 2047 1199 2113 educatio-

65 2174 140 2216 nem
161 2156 352 2216 reflexiones
376 2157 496 2238 liegiae
527 2155 691 2218 Maiestati
721 2156 926 2235 submittere,
954 2152 1200 2241 libertatemque

67 2261 261 2341 praeprimis
294 2261 411 2322 inritum
442 2262 587 2324 exercitii
617 2261 785 2342 religionis
812 2280 870 2342 pro
900 2280 935 2322 se
964 2257 1106 2345 allegare
1134 2264 1223 2328 non‘

64 2364 269 2451 dubitassent
292 2362 368 2438 ⁹⁸⁸):
390 2365 540 2429 laudatus
573 2366 756 2429 cardinalis
786 2367 912 2429 Primae
942 2385 1024 2430 nova
1054 2369 1229 2449 Reprau‘
1343 2358 1351 2367 ’

66 2472 249 2534 sentatioue
272 2470 328 2533 dd.-
350 2477 378 2533 7.
403 2473 532 2534 Octobr.
552 2477 648 2534 1790.
671 2472 712 2533 ad
743 2471 864 2550 Regem
894 2477 1046 2552 exarata,
1072 2492 1197 2535 rursum

66 2573 311 2640 animadvertit:
334 2597 393 2659 per
413 2575 611 2638 admittenda
646 2577 716 2639 siue
745 2577 892 2655 omnibus
921 2574 1057 2640 cautelis
1086 2578 1199 2640 matri·

67 2681 176 2743 mouia
199 2683 295 2742 mixta
317 2681 352 2743 id
374 2691 461 2744 certo
485 2684 605 2743 certius
629 2678 859 2762 loquuturum,
881 2687 916 2743 ut
945 2687 1047 2770 mater
1069 2680 1218 2763 quidem·
1244 2765 1248 2771 .
1352 2689 1353 2692 ’

66 2777 250 2849 acatholica
270 2785 379 2867 proles
408 2788 440 2847 iu
470 2787 551 2849 Fide
583 2786 752 2849 catholica
774 2784 925 2868 alioquin
953 2807 1124 2868 numquam
1156 2789 1200 2851 sit

68 2892 261 2971 educatura,
292 2898 392 2954 mater
432 2913 506 2954 vero
546 2891 703 2955 catholica
741 2891 870 2955 easdem
905 2894 939 2957 iu
970 2892 1197 2978 confessione,

68 3018 166 3081 qnam
189 2998 249 3059 scit
270 3017 376 3058 veram
397 3019 458 3059 nou
482 3019 571 3077 esse,
595 3019 695 3080 aeque
716 2999 852 3061 educare
881 3018 944 3060 non
975 3000 1101 3081 possit,
1132 3000 1195 3064 ric-

69 3122 133 3183 qne
153 3103 373 3164 fruuestissima
397 3107 591 3167 consectaria
615 3108 774 3187 proiiuero
797 3103 923 3169 debere.
948 3100 1013 3180 ⁹⁸⁹)

68 3266 319 3285 ..ιθ-..ιιι-

61 3395 63 3400 ·
110 3390 112 3395 ·
144 3363 210 3427 987)
229 3369 318 3417 bion.
337 3366 400 3417 826.
417 3382 480 3432 pag.
500 3369 560 3418 578.

142 3477 209 3542 988)
228 3482 312 3529 Μοιι.
330 3479 391 3529 887.
411 3495 473 3544 pag.
494 3480 553 3530 879.

142 3588 208 3655 989)
228 3595 317 3643 Μοιι.
336 3592 396 3644 nin
418 3608 479 3658 pag.
498 3593 557 3644 utu.
