2798 4838
555 247 784 320 -205-

113 417 162 479 pue
190 394 393 460 Naturalista
416 391 541 475 prolem
564 395 726 476 baptisare
756 398 945 476 renuerent,
975 394 1085 474 sicque
1107 412 1127 456 e
1146 412 1235 457 com·

113 504 253 566 nunioue
276 499 444 563 Ecclesiae
467 499 682 563 excluderent.

205 612 260 669 82.
284 611 397 684 Einipe
426 610 597 669 recbtle'clce
623 609 864 682 Bemerlmnpen
898 609 977 666 tiber
1000 611 1060 667 das
1085 607 1235 668 Vercou-

113 720 169 777 aies
203 721 260 775 deo
292 718 420 775 Stootes
447 729 513 775 zur
542 715 760 774 katholt'oeben
780 713 918 792 Ktrclee,
948 715 1006 773 nott
1026 713 1237 789 Anwemtunp

113 822 170 895 cof
183 824 237 880 die
258 823 449 896 pemisobtao
471 822 573 880 Elaea.
603 813 825 879 Kathollls.
848 816 1001 879 XXVIII.
1022 820 1061 879 B.
1082 821 1235 895 18881).
1284 820 1286 825 ⁴

113 930 298 988 e94-a12.
336 923 582 986 constitutiones
609 922 796 1001 Principum
820 921 1010 983 Germaniae
1039 940 1097 1003 pro
1127 921 1237 985 favore

113 1030 345 1107 confessionis,
370 1030 469 1110 quam‘
483 1038 576 1107 poter
598 1030 763 1107 sequitur,
793 1028 880 1089 circa
901 1015 1140 1107 religionariam
1160 1046 1238 1110 pro·

113 1139 184 1199 lium
210 1136 433 1198 educationem
453 1134 537 1196 latas
561 1137 698 1196 examini
719 1133 938 1212 subiieleudo,
964 1134 1110 1216 exhibet,
1142 1152 1236 1214 quam

113 1242 192 1306 clare
209 1241 375 1322 Principes
397 1242 454 1302 isti
476 1254 607 1322 scopum
630 1259 739 1313 suum,
761 1237 943 1320 Religionis
962 1237 1147 1302 Catholicae
1160 1257 1238 1318 pro-

113 1351 318 1430 pagationem
348 1344 562 1427 impediendi,
591 1365 650 1427 per
678 1353 872 1409 memoratas
900 1344 991 1427 leges
1019 1345 1239 1428 patefecerint.

113 1456 299 1535 l‘ropugnat
320 1472 437 1533 porro:
469 1453 575 1515 Statui
598 1451 695 1515 Civili
718 1472 779 1533 qua
808 1450 867 1514 tali
888 1471 1022 1535 prorsus
1051 1449 1240 1513 indifferens
1300 1453 1302 1455 ’

114 1581 181 1624 csse
206 1560 344 1634 debere,
367 1561 399 1620 in
423 1579 559 1639 quanam
579 1557 738 1639 religione
760 1557 870 1639 proles
894 1563 1018 1621 ematr.
1034 1556 1141 1618 mixtis
1161 1555 1241 1618 edu·

115 1673 245 1745 centur,
270 1685 341 1727 cum
362 1665 499 1726 favendo
520 1665 576 1726 uni
596 1663 748 1746 religioni
780 1684 818 1725 co
848 1665 922 1744 ipso
953 1661 1048 1725 alteri
1075 1661 1240 1745 praeiudi-

114 1779 218 1848 carct3
252 1774 281 1832 si
304 1779 408 1832 autem
436 1770 499 1832 hoe
529 1790 591 1832 non
614 1772 760 1833 obstante
781 1770 998 1853 provisionem
1029 1767 1170 1850 aliquam
1190 1768 1240 1830 fa-

115 1898 179 1940 cere
203 1879 336 1958 cupiat,
360 1878 443 1938 hane
464 1879 594 1938 nonnisi
615 1878 650 1937 in
672 1876 816 1937 terminis
834 1874 1037 1956 generalibus
1054 1883 1087 1938 et
1101 1877 1148 1939 ita
1163 1896 1241 1938 con·
1332 1861 1335 1868 ’

118 1981 292 2064 cipiendam
317 2003 409 2059 esse,
441 1989 476 2043 ut
505 1984 539 2044 in
567 2001 603 2043 re
632 1983 761 2043 maximi
782 1984 933 2045 momenti
961 1981 1158 2045 liberrimam
1181 1991 1241 2044 'vo-

119 2087 227 2153 luntati
251 2096 284 2150 et
305 2089 521 2151 conscientiae
543 2087 713 2169 conjugum
733 2086 898 2169 relinquat
916 2093 1120 2170 potestatem.

212 2200 265 2258 83.
292 2186 376 2258 [lter
396 2200 566 2272 pemiscbte
586 2198 689 2257 uben.
711 2193 931 2258 Katholik.
954 2199 1071 2258 XXIX.
1087 2198 1241 2258 81888.

118 2321 142 2379 p.
162 2306 355 2363 asa-332.
395 2320 506 2362 eorum
534 2298 658 2361 refellit
689 2302 894 2381 opinionem,
927 2302 981 2381 qui
1010 2299 1100 2383 leges
1131 2306 1243 2364 contra

120 2409 207 2470 mista
231 2414 325 2470 matr.
349 2403 434 2469 latas
456 2426 519 2467 non
543 2409 582 2468 ab
604 2405 772 2486 Ecclesia,
803 2407 862 2469 sed
885 2404 990 2468 solum
1012 2420 1031 2469 a
1051 2407 1153 2471 ‘Curia
1175 2408 1242 2470 Ro·
1293 2426 1315 2437 ’·

120 2533 201 2576 mana
231 2513 400 2594 proficisci
422 2514 521 2574 aiunt.
553 2514 656 2593 Leges
686 2533 784 2591 porro
817 2513 858 2575 de
889 2512 1065 2576 educandls
1097 2512 1242 2594 prolibus

119 2621 247 2681 nuncin
272 2619 474 2682 confessione
495 2621 619 2700 patris,
650 2638 732 2680 nunc
754 2621 842 2681 iuxta
870 2639 979 2680 sexum
1014 2625 1181 2701 parentum
1212 2623 1245 2680 et

119 2726 215 2787 minus
237 2744 356 2806 aequas
388 2745 480 2803 esse,
511 2704 607 2786 etad
632 2727 737 2805 iurgia
763 2727 806 2786 'ac
837 2725 1013 2802 scissiones
1043 2725 1077 2785 in
1107 2722 1258 2790 familiis.

122 2830 374 2912 progenerandas
397 2839 507 2912 aptas;
531 2829 686 2915 optimum
707 2832 815 2910 itaque
837 2830 928 2907 fore,
951 2830 981 2891 si
1004 2829 1114 2893 Status
1130 2827 1243 2893 Publi-

121 2957 168 3000 cus
191 2959 211 2999 a
233 2936 367 2998 ferenda
390 2938 453 2998 hoe
475 2938 509 2996 in
531 2937 645 2996 merito
667 2934 739 3016 lege
759 2955 893 3015 prorsus
916 2937 1119 2999 abstinuerit.

215 3047 268 3104 84.
295 3035 378 3106 [lber
391 3047 561 3119 pemtscloce
576 3045 677 3104 Elian.
699 3040 884 3103 Benkert
893 3089 904 3125 ,
926 3047 1047 3121 allgem.
1064 3045 1244 3121 Religione-

120 3157 180 3211 ιιι
194 3147 581 3221 Ka'reboofreuad.1829.
606 3155 664 3210 No.
681 3153 745 3210 44.
776 3136 1015 3228 legislationem
1044 3147 1169 3211 civilem
1200 3151 1244 3212 si-

120 3255 148 3316 bi
166 3275 233 3318 non
257 3262 416 3333 constare,
439 3252 497 3315 sed
519 3254 690 3317 admodum
713 3255 837 3315 variare
859 3253 999 3333 iudicat,
1023 3260 1055 3316 et
1072 3254 1152 3318 haec
1168 3274 1246 3337 pro·

122 3365 207 3439 ponit
229 3362 405 3443 principia:
428 3366 464 3421 ut
486 3361 607 3422 Civitas
625 3361 748 3442 junctis
771 3344 841 3422 cum
864 3358 1016 3423 Ecclesia
1046 3361 1166 3425 viribus
1195 3362 1245 3422 in·
1344 3418 1354 3439 ,

126 3464 404 3556 differentismurn,
433 3486 492 3546 per
520 3469 618 3528 mixta
649 3468 806 3529 connubia
835 3461 927 3527 valde
959 3473 1159 3553 promotum,
1193 3487 1246 3528 ex-

128 3576 273 3654 stirpare,
306 3571 547 3651 Ecclesiamque
576 3572 665 3652 prius
697 3571 810 3635 audire
841 3578 986 3652 satagat,
1017 3563 1112 3653 quam
1141 3572 1246 3652 legem

128 3674 217 3759 ierat,
249 3679 375 3739 demum
403 3681 456 3741 ius
488 3683 655 3758 parentum
686 3678 790 3759 quoad
818 3676 993 3739 liberorum
1025 3676 1246 3741 educationem
1315 3703 1316 3708 ¹

130 3779 203 3846 haud
225 3783 345 3846 laedat.
1005 3842 1007 3844 ,

219 3895 272 3975 85.
299 3893 464 3974 Orponoo,
487 3896 564 3951 odor
585 3896 687 3951 leorae
702 3870 937 3965 Anaeomupen
958 3892 1038 3950 uber
1059 3872 1249 3955 kircblicbes

137 3990 441 4073 Verfossunpsaoaaen
463 4003 519 4056 der
540 4000 731 4084 Kolboliken
752 4000 812 4056 mit
830 4000 1082 4072 vorzupewetser
1099 4002 1251 4060 Hiosicbt

136 4102 189 4176 auf
201 4107 334 4165 Stooten
362 4105 551 4179 pemtecbter
582 4102 777 4176 Confession.
809 4102 986 4179 Augeturq.
1016 4108 1117 4165 1829.
1143 4125 1176 4182 p.
1200 4110 1248 4165 90

136 4212 240 4287 ⁸111.
264 4228 302 4270 ex
329 4204 498 4288 legeilla,
521 4207 608 4268 iusta
639 4227 731 4287 quam
766 4206 873 4288 proles
905 4204 956 4270 vel
983 4208 1017 4270 in
1045 4198 1248 4273 confessione

138 4314 245 4395 botris,
268 4311 320 4377 vel
344 4313 516 4378 secundum
539 4331 649 4377 sexum
670 4312 1038 4392 pareutumeducandae
1055 4320 1153 4393 sunt,
1173 4308 1248 4397 plra-
