<?xml version="1.0" encoding="UTF-8"?>
<!DOCTYPE html PUBLIC "-//W3C//DTD XHTML 1.0 Transitional//EN"
    "http://www.w3.org/TR/xhtml1/DTD/xhtml1-transitional.dtd">
<html xmlns="http://www.w3.org/1999/xhtml" xml:lang="en" lang="en">
 <head>
  <title>
</title>
<meta http-equiv="Content-Type" content="text/html;charset=utf-8" />
  <meta name='ocr-system' content='tesseract 3.04.00' />
  <meta name='ocr-capabilities' content='ocr_page ocr_carea ocr_par ocr_line ocrx_word'/>
</head>
<body>
  <div class='ocr_page' id='page_1' title='image "./dematrimoniismi01roskgoog_0577.png"; bbox 0 0 2798 4838; ppageno 0'>
   <div class='ocr_carea' id='block_1_1' title="bbox 670 290 899 360">
    <p class='ocr_par' dir='ltr' id='par_1_1' title="bbox 670 290 899 360">
     <span class='ocr_line' id='line_1_1' title="bbox 670 290 899 360; baseline -0.017 -15"><span class='ocrx_word' id='word_1_1' title='bbox 670 290 899 360; x_wconf 75' lang='lat'>...550-</span> 
     </span>
    </p>
   </div>
   <div class='ocr_carea' id='block_1_2' title="bbox 220 567 1345 825">
    <p class='ocr_par' dir='ltr' id='par_1_2' title="bbox 220 567 1345 825">
     <span class='ocr_line' id='line_1_2' title="bbox 220 567 1345 703; baseline -0.002 -26"><span class='ocrx_word' id='word_1_2' title='bbox 220 610 255 677; x_wconf 79' lang='lat'><strong>3.</strong></span> <span class='ocrx_word' id='word_1_3' title='bbox 284 603 344 678; x_wconf 84' lang='lat' dir='ltr'><strong>lle</strong></span> <span class='ocrx_word' id='word_1_4' title='bbox 372 601 439 696; x_wconf 87' lang='lat' dir='ltr'><strong>iis,</strong></span> <span class='ocrx_word' id='word_1_5' title='bbox 456 626 550 703; x_wconf 84' lang='lat' dir='ltr'><strong>quae</strong></span> <span class='ocrx_word' id='word_1_6' title='bbox 568 601 606 676; x_wconf 85' lang='lat' dir='ltr'><strong>iu</strong></span> <span class='ocrx_word' id='word_1_7' title='bbox 639 602 769 679; x_wconf 85' lang='lat' dir='ltr'><strong>merito</strong></span> <span class='ocrx_word' id='word_1_8' title='bbox 803 611 903 676; x_wconf 71' lang='lat' dir='ltr'><strong>ritate.</strong></span> <span class='ocrx_word' id='word_1_9' title='bbox 934 567 1130 676; x_wconf 79' lang='lat' dir='ltr'><strong>mixtorum</strong></span> <span class='ocrx_word' id='word_1_10' title='bbox 1161 613 1248 703; x_wconf 90' lang='lat' dir='ltr'><strong>post</strong></span> <span class='ocrx_word' id='word_1_11' title='bbox 1268 626 1345 678; x_wconf 85' lang='lat' dir='ltr'><strong>cou-</strong></span> 
     </span>
     <span class='ocr_line' id='line_1_3' title="bbox 478 723 1091 825; baseline -0.005 -22"><span class='ocrx_word' id='word_1_12' title='bbox 478 727 584 803; x_wconf 85' lang='lat' dir='ltr'><strong>clusa</strong></span> <span class='ocrx_word' id='word_1_13' title='bbox 612 723 775 801; x_wconf 69' lang='lat' dir='ltr'><strong>coniitia</strong></span> <span class='ocrx_word' id='word_1_14' title='bbox 799 735 911 825; x_wconf 82' lang='lat' dir='ltr'><strong>gesta</strong></span> <span class='ocrx_word' id='word_1_15' title='bbox 930 725 1091 801; x_wconf 81' lang='lat' dir='ltr'><strong>fuerunt.</strong></span> 
     </span>
    </p>
   </div>
   <div class='ocr_carea' id='block_1_3' title="bbox 671 902 857 994">
    <p class='ocr_par' dir='ltr' id='par_1_3' title="bbox 671 902 857 994">
     <span class='ocr_line' id='line_1_4' title="bbox 671 902 857 994; baseline -0.005 -21"><span class='ocrx_word' id='word_1_16' title='bbox 671 910 674 915; x_wconf 91' lang='lat'>·</span> <span class='ocrx_word' id='word_1_17' title='bbox 706 902 743 994; x_wconf 70' lang='lat' dir='ltr'><strong>g.</strong></span> <span class='ocrx_word' id='word_1_18' title='bbox 771 902 857 975; x_wconf 80' lang='lat' dir='ltr'><strong>ara.</strong></span> 
     </span>
    </p>
   </div>
   <div class='ocr_carea' id='block_1_4' title="bbox 104 1026 1346 1110">
    <p class='ocr_par' dir='ltr' id='par_1_4' title="bbox 104 1026 1346 1110">
     <span class='ocr_line' id='line_1_5' title="bbox 104 1026 1346 1110; baseline -0.002 -13"><span class='ocrx_word' id='word_1_19' title='bbox 104 1026 109 1037; x_wconf 83' lang='grc'><em>’</em></span> <span class='ocrx_word' id='word_1_20' title='bbox 221 1039 451 1099; x_wconf 70' lang='lat' dir='ltr'><strong>Procrustes</strong></span> <span class='ocrx_word' id='word_1_21' title='bbox 464 1040 528 1099; x_wconf 80' lang='lat' dir='ltr'><strong>&#39;ex</strong></span> <span class='ocrx_word' id='word_1_22' title='bbox 553 1039 744 1099; x_wconf 69' lang='lat' dir='ltr'><strong>comitii·</strong></span> <span class='ocrx_word' id='word_1_23' title='bbox 771 1041 825 1098; x_wconf 79' lang='lat' dir='ltr'><strong>ed</strong></span> <span class='ocrx_word' id='word_1_24' title='bbox 856 1040 1067 1110; x_wconf 70' lang='lat' dir='ltr'><strong>munium</strong></span> <span class='ocrx_word' id='word_1_25' title='bbox 1093 1039 1346 1098; x_wconf 73' lang='grc' dir='ltr'>ιΙΙοοοοιΙιιιι</span> 
     </span>
    </p>
   </div>
   <div class='ocr_carea' id='block_1_5' title="bbox 223 1122 1347 1376">
    <p class='ocr_par' dir='ltr' id='par_1_5' title="bbox 223 1122 1347 1376">
     <span class='ocr_line' id='line_1_6' title="bbox 223 1122 1346 1205; baseline -0.003 -16"><span class='ocrx_word' id='word_1_26' title='bbox 223 1146 401 1191; x_wconf 69' lang='lat' dir='ltr'><strong>suarm</strong></span> <span class='ocrx_word' id='word_1_27' title='bbox 428 1134 589 1192; x_wconf 77' lang='lat' dir='ltr'><strong>reversi</strong></span> <span class='ocrx_word' id='word_1_28' title='bbox 612 1134 800 1205; x_wconf 78' lang='lat' dir='ltr'><strong>primum</strong></span> <span class='ocrx_word' id='word_1_29' title='bbox 827 1122 1006 1193; x_wconf 70' lang='lat' dir='ltr'><strong>scudetis</strong></span> <span class='ocrx_word' id='word_1_30' title='bbox 1032 1131 1346 1190; x_wconf 72' lang='lat' dir='ltr'><strong>Institutionum</strong></span> 
     </span>
     <span class='ocr_line' id='line_1_7' title="bbox 224 1223 1347 1285; baseline -0.001 -4"><span class='ocrx_word' id='word_1_31' title='bbox 224 1225 277 1282; x_wconf 81' lang='lat' dir='ltr'><strong>de</strong></span> <span class='ocrx_word' id='word_1_32' title='bbox 300 1225 570 1283; x_wconf 62' lang='lat' dir='ltr'><strong>Garamante</strong></span> <span class='ocrx_word' id='word_1_33' title='bbox 595 1225 855 1283; x_wconf 65' lang='lat' dir='ltr'><strong>biaulmont!</strong></span> <span class='ocrx_word' id='word_1_34' title='bbox 872 1225 927 1283; x_wconf 71' lang='lat' dir='ltr'><strong>ed</strong></span> <span class='ocrx_word' id='word_1_35' title='bbox 950 1225 1122 1285; x_wconf 70' lang='lat' dir='ltr'><strong>clerum</strong></span> <span class='ocrx_word' id='word_1_36' title='bbox 1150 1223 1347 1281; x_wconf 66' lang='lat' dir='ltr'><strong>Curetum</strong></span> 
     </span>
     <span class='ocr_line' id='line_1_8' title="bbox 668 1317 903 1376; baseline -0.004 0"><span class='ocrx_word' id='word_1_37' title='bbox 668 1317 903 1376; x_wconf 65' lang='lat' dir='ltr'><strong>(nmmum-</strong></span> 
     </span>
    </p>
   </div>
   <div class='ocr_carea' id='block_1_6' title="bbox 224 1474 1350 3352">
    <p class='ocr_par' dir='ltr' id='par_1_6' title="bbox 224 1474 1350 3352">
     <span class='ocr_line' id='line_1_9' title="bbox 250 1474 1348 1558; baseline -0.005 -15"><span class='ocrx_word' id='word_1_38' title='bbox 250 1529 256 1543; x_wconf 79' lang='lat'><em>.</em></span> <span class='ocrx_word' id='word_1_39' title='bbox 328 1476 421 1557; x_wconf 75' lang='lat' dir='ltr'><strong>Quod</strong></span> <span class='ocrx_word' id='word_1_40' title='bbox 451 1480 510 1540; x_wconf 85' lang='lat' dir='ltr'><strong>sub</strong></span> <span class='ocrx_word' id='word_1_41' title='bbox 533 1478 683 1539; x_wconf 83' lang='lat' dir='ltr'><strong>(lomitiis</strong></span> <span class='ocrx_word' id='word_1_42' title='bbox 715 1478 816 1558; x_wconf 76' lang='lat' dir='ltr'><strong>liogni</strong></span> <span class='ocrx_word' id='word_1_43' title='bbox 845 1477 898 1539; x_wconf 87' lang='lat' dir='ltr'><strong>die</strong></span> <span class='ocrx_word' id='word_1_44' title='bbox 923 1484 972 1540; x_wconf 82' lang='lat'><strong>12.</strong></span> <span class='ocrx_word' id='word_1_45' title='bbox 988 1476 1074 1539; x_wconf 81' lang='lat' dir='ltr'><strong>Maii</strong></span> <span class='ocrx_word' id='word_1_46' title='bbox 1096 1481 1193 1540; x_wconf 84' lang='lat'>184⁰.</span> <span class='ocrx_word' id='word_1_47' title='bbox 1226 1474 1348 1538; x_wconf 90' lang='lat' dir='ltr'><strong>conclu·</strong></span> 
     </span>
     <span class='ocr_line' id='line_1_10' title="bbox 226 1581 1347 1646; baseline 0.001 -4"><span class='ocrx_word' id='word_1_48' title='bbox 226 1583 271 1643; x_wconf 85' lang='lat' dir='ltr'><strong>sis</strong></span> <span class='ocrx_word' id='word_1_49' title='bbox 295 1581 463 1646; x_wconf 79' lang='lat' dir='ltr'><strong>Praesules</strong></span> <span class='ocrx_word' id='word_1_50' title='bbox 495 1584 579 1645; x_wconf 81' lang='lat' dir='ltr'><strong>circa</strong></span> <span class='ocrx_word' id='word_1_51' title='bbox 610 1603 676 1645; x_wconf 87' lang='lat' dir='ltr'><strong>rem</strong></span> <span class='ocrx_word' id='word_1_52' title='bbox 706 1590 797 1644; x_wconf 89' lang='lat' dir='ltr'><strong>matr.</strong></span> <span class='ocrx_word' id='word_1_53' title='bbox 816 1584 986 1645; x_wconf 83' lang='lat' dir='ltr'><strong>mixtorum</strong></span> <span class='ocrx_word' id='word_1_54' title='bbox 1008 1582 1223 1645; x_wconf 76' lang='lat' dir='ltr'><strong>conformiter</strong></span> <span class='ocrx_word' id='word_1_55' title='bbox 1253 1583 1347 1644; x_wconf 84' lang='lat' dir='ltr'><strong>sensui</strong></span> 
     </span>
     <span class='ocr_line' id='line_1_11' title="bbox 227 1686 1348 1770; baseline 0.002 -23"><span class='ocrx_word' id='word_1_56' title='bbox 227 1688 391 1763; x_wconf 68' lang='lat' dir='ltr'><strong>{universae</strong></span> <span class='ocrx_word' id='word_1_57' title='bbox 415 1686 582 1752; x_wconf 78' lang='lat' dir='ltr'><strong>Ecclesiae</strong></span> <span class='ocrx_word' id='word_1_58' title='bbox 606 1687 792 1750; x_wconf 80' lang='lat' dir='ltr'><strong>Catholicae</strong></span> <span class='ocrx_word' id='word_1_59' title='bbox 822 1708 880 1770; x_wconf 86' lang='lat' dir='ltr'><strong>per</strong></span> <span class='ocrx_word' id='word_1_60' title='bbox 911 1689 1021 1751; x_wconf 87' lang='lat' dir='ltr'><strong>orbem</strong></span> <span class='ocrx_word' id='word_1_61' title='bbox 1052 1686 1228 1766; x_wconf 80' lang='lat' dir='ltr'><strong>dispersae</strong></span> <span class='ocrx_word' id='word_1_62' title='bbox 1250 1687 1348 1750; x_wconf 87' lang='lat' dir='ltr'><strong>decor·</strong></span> 
     </span>
     <span class='ocr_line' id='line_1_12' title="bbox 226 1791 1349 1875; baseline 0.006 -23"><span class='ocrx_word' id='word_1_63' title='bbox 226 1791 364 1855; x_wconf 87' lang='lat' dir='ltr'><strong>nendum</strong></span> <span class='ocrx_word' id='word_1_64' title='bbox 386 1800 418 1855; x_wconf 87' lang='lat' dir='ltr'><strong>et</strong></span> <span class='ocrx_word' id='word_1_65' title='bbox 441 1814 498 1875; x_wconf 86' lang='lat' dir='ltr'><strong>pro</strong></span> <span class='ocrx_word' id='word_1_66' title='bbox 521 1814 631 1857; x_wconf 87' lang='lat' dir='ltr'><strong>norma</strong></span> <span class='ocrx_word' id='word_1_67' title='bbox 652 1793 934 1872; x_wconf 83' lang='lat' dir='ltr'><strong>praescribendum</strong></span> <span class='ocrx_word' id='word_1_68' title='bbox 956 1795 1074 1856; x_wconf 88' lang='lat' dir='ltr'><strong>mutuis</strong></span> <span class='ocrx_word' id='word_1_69' title='bbox 1094 1792 1251 1856; x_wconf 88' lang='lat' dir='ltr'><strong>consiliis</strong></span> <span class='ocrx_word' id='word_1_70' title='bbox 1268 1813 1349 1872; x_wconf 79' lang='lat' dir='ltr'><strong>prm·</strong></span> 
     </span>
     <span class='ocr_line' id='line_1_13' title="bbox 225 1897 1349 1980; baseline 0.002 -23"><span class='ocrx_word' id='word_1_71' title='bbox 225 1898 274 1959; x_wconf 87' lang='lat' dir='ltr'><strong>vie</strong></span> <span class='ocrx_word' id='word_1_72' title='bbox 305 1900 556 1962; x_wconf 83' lang='lat' dir='ltr'><strong>constituerunt:</strong></span> <span class='ocrx_word' id='word_1_73' title='bbox 595 1900 629 1961; x_wconf 93' lang='lat' dir='ltr'><strong>id</strong></span> <span class='ocrx_word' id='word_1_74' title='bbox 657 1908 733 1978; x_wconf 87' lang='lat' dir='ltr'><strong>post</strong></span> <span class='ocrx_word' id='word_1_75' title='bbox 761 1897 912 1961; x_wconf 87' lang='lat' dir='ltr'><strong>conclusa</strong></span> <span class='ocrx_word' id='word_1_76' title='bbox 958 1899 1098 1961; x_wconf 82' lang='lat' dir='ltr'><strong>Gornitia</strong></span> <span class='ocrx_word' id='word_1_77' title='bbox 1130 1898 1174 1961; x_wconf 91' lang='lat' dir='ltr'><strong>ad</strong></span> <span class='ocrx_word' id='word_1_78' title='bbox 1204 1901 1349 1980; x_wconf 76' lang='lat' dir='ltr'><strong>gremium</strong></span> 
     </span>
     <span class='ocr_line' id='line_1_14' title="bbox 230 2003 1348 2089; baseline -0.003 -24"><span class='ocrx_word' id='word_1_79' title='bbox 230 2003 431 2067; x_wconf 82' lang='lat' dir='ltr'><strong>llioecesium</strong></span> <span class='ocrx_word' id='word_1_80' title='bbox 460 2025 587 2068; x_wconf 88' lang='lat' dir='ltr'><strong>suarum</strong></span> <span class='ocrx_word' id='word_1_81' title='bbox 618 2004 736 2067; x_wconf 85' lang='lat' dir='ltr'><strong>reversi</strong></span> <span class='ocrx_word' id='word_1_82' title='bbox 763 2005 867 2089; x_wconf 86' lang='lat' dir='ltr'><strong>reipsa</strong></span> <span class='ocrx_word' id='word_1_83' title='bbox 898 2006 931 2066; x_wconf 89' lang='lat' dir='ltr'><strong>in</strong></span> <span class='ocrx_word' id='word_1_84' title='bbox 963 2003 1111 2066; x_wconf 84' lang='lat' dir='ltr'><strong>effectum</strong></span> <span class='ocrx_word' id='word_1_85' title='bbox 1144 2003 1348 2067; x_wconf 80' lang='lat' dir='ltr'><strong>deduxerunt</strong></span> 
     </span>
     <span class='ocr_line' id='line_1_15' title="bbox 230 2109 1349 2173; baseline 0.001 -4"><span class='ocrx_word' id='word_1_86' title='bbox 230 2109 372 2171; x_wconf 86' lang='lat' dir='ltr'><strong>Primum</strong></span> <span class='ocrx_word' id='word_1_87' title='bbox 394 2117 426 2172; x_wconf 90' lang='lat' dir='ltr'><strong>et</strong></span> <span class='ocrx_word' id='word_1_88' title='bbox 447 2118 520 2173; x_wconf 81' lang='lat' dir='ltr'><strong>ante</strong></span> <span class='ocrx_word' id='word_1_89' title='bbox 543 2114 648 2173; x_wconf 87' lang='lat' dir='ltr'><strong>omnia</strong></span> <span class='ocrx_word' id='word_1_90' title='bbox 669 2115 803 2172; x_wconf 75' lang='lat' dir='ltr'><strong>solidam</strong></span> <span class='ocrx_word' id='word_1_91' title='bbox 831 2120 864 2172; x_wconf 84' lang='lat' dir='ltr'><strong>et</strong></span> <span class='ocrx_word' id='word_1_92' title='bbox 889 2128 1058 2172; x_wconf 70' lang='lat' dir='ltr'><strong>ambacum</strong></span> <span class='ocrx_word' id='word_1_93' title='bbox 1086 2117 1129 2170; x_wconf 80' lang='lat' dir='ltr'><strong>de</strong></span> <span class='ocrx_word' id='word_1_94' title='bbox 1150 2114 1349 2172; x_wconf 81' lang='lat' dir='ltr'><strong>Sacromcuto</strong></span> 
     </span>
     <span class='ocr_line' id='line_1_16' title="bbox 224 2212 1350 2298; baseline 0 -22"><span class='ocrx_word' id='word_1_95' title='bbox 224 2219 441 2295; x_wconf 75' lang='lat' dir='ltr'><strong><em>Matrimonii,</em></strong></span> <span class='ocrx_word' id='word_1_96' title='bbox 465 2218 551 2298; x_wconf 87' lang='lat' dir='ltr'><strong>quod</strong></span> <span class='ocrx_word' id='word_1_97' title='bbox 572 2215 746 2298; x_wconf 76' lang='lat' dir='ltr'><strong>Apostolus</strong></span> <span class='ocrx_word' id='word_1_98' title='bbox 776 2217 810 2276; x_wconf 89' lang='lat' dir='ltr'><strong>in</strong></span> <span class='ocrx_word' id='word_1_99' title='bbox 831 2215 961 2277; x_wconf 80' lang='lat' dir='ltr'><strong>Christo</strong></span> <span class='ocrx_word' id='word_1_100' title='bbox 982 2221 1016 2277; x_wconf 88' lang='lat' dir='ltr'><strong>et</strong></span> <span class='ocrx_word' id='word_1_101' title='bbox 1036 2212 1190 2277; x_wconf 78' lang='lat' dir='ltr'><strong>Ecclesia</strong></span> <span class='ocrx_word' id='word_1_102' title='bbox 1215 2235 1350 2297; x_wconf 73' lang='lat' dir='ltr'><strong>magnum</strong></span> 
     </span>
     <span class='ocr_line' id='line_1_17' title="bbox 228 2312 1350 2405; baseline 0.003 -25"><span class='ocrx_word' id='word_1_103' title='bbox 228 2320 333 2399; x_wconf 80' lang='lat' dir='ltr'><strong>dixit,</strong></span> <span class='ocrx_word' id='word_1_104' title='bbox 353 2326 583 2384; x_wconf 69' lang='lat' dir='ltr'><strong>instinctionem</strong></span> <span class='ocrx_word' id='word_1_105' title='bbox 604 2322 646 2385; x_wconf 87' lang='lat' dir='ltr'><strong>ad</strong></span> <span class='ocrx_word' id='word_1_106' title='bbox 663 2320 793 2383; x_wconf 81' lang='lat' dir='ltr'><strong>clerum</strong></span> <span class='ocrx_word' id='word_1_107' title='bbox 811 2312 986 2405; x_wconf 80' lang='lat' dir='ltr'><strong>curatum,</strong></span> <span class='ocrx_word' id='word_1_108' title='bbox 1006 2330 1187 2400; x_wconf 84' lang='lat' dir='ltr'><strong>praeeunte</strong></span> <span class='ocrx_word' id='word_1_109' title='bbox 1211 2322 1350 2401; x_wconf 78' lang='lat' dir='ltr'><strong>Principe</strong></span> 
     </span>
     <span class='ocr_line' id='line_1_18' title="bbox 228 2425 1349 2513; baseline 0.003 -27"><span class='ocrx_word' id='word_1_110' title='bbox 228 2426 368 2487; x_wconf 84' lang='lat' dir='ltr'><strong>Primate</strong></span> <span class='ocrx_word' id='word_1_111' title='bbox 391 2427 515 2507; x_wconf 81' lang='lat' dir='ltr'><strong>Regni,</strong></span> <span class='ocrx_word' id='word_1_112' title='bbox 537 2427 736 2513; x_wconf 84' lang='lat' dir='ltr'><strong>dimiserunt.</strong></span> <span class='ocrx_word' id='word_1_113' title='bbox 766 2427 802 2488; x_wconf 92' lang='lat' dir='ltr'><strong>ln</strong></span> <span class='ocrx_word' id='word_1_114' title='bbox 825 2425 1057 2507; x_wconf 77' lang='lat' dir='ltr'><strong>aequalitates</strong></span> <span class='ocrx_word' id='word_1_115' title='bbox 1086 2428 1255 2507; x_wconf 79' lang='lat' dir='ltr'><strong>coniugiis</strong></span> <span class='ocrx_word' id='word_1_116' title='bbox 1276 2427 1349 2489; x_wconf 87' lang='lat' dir='ltr'><strong>cbri-</strong></span> 
     </span>
     <span class='ocr_line' id='line_1_19' title="bbox 229 2529 1348 2614; baseline -0.001 -23"><span class='ocrx_word' id='word_1_117' title='bbox 229 2529 521 2594; x_wconf 88' lang='lat' dir='ltr'><strong>stiauo-catholicis</strong></span> <span class='ocrx_word' id='word_1_118' title='bbox 543 2529 877 2614; x_wconf 81' lang='lat' dir='ltr'><strong>proprias&#39;pracclare</strong></span> <span class='ocrx_word' id='word_1_119' title='bbox 905 2529 1108 2610; x_wconf 85' lang='lat' dir='ltr'><strong>evolverunt,</strong></span> <span class='ocrx_word' id='word_1_120' title='bbox 1139 2532 1184 2592; x_wconf 86' lang='lat' dir='ltr'><strong>de</strong></span> <span class='ocrx_word' id='word_1_121' title='bbox 1209 2535 1348 2595; x_wconf 85' lang='lat' dir='ltr'><strong>Ministro</strong></span> 
     </span>
     <span class='ocr_line' id='line_1_20' title="bbox 230 2636 1348 2718; baseline -0.002 -20"><span class='ocrx_word' id='word_1_122' title='bbox 230 2637 426 2699; x_wconf 77' lang='lat' dir='ltr'><strong>sacramenti</strong></span> <span class='ocrx_word' id='word_1_123' title='bbox 458 2639 555 2701; x_wconf 88' lang='lat' dir='ltr'><strong>Matr.</strong></span> <span class='ocrx_word' id='word_1_124' title='bbox 579 2638 736 2702; x_wconf 86' lang='lat' dir='ltr'><strong>diceudo:</strong></span> <span class='ocrx_word' id='word_1_125' title='bbox 766 2640 798 2699; x_wconf 92' lang='lat' dir='ltr'><strong>iu</strong></span> <span class='ocrx_word' id='word_1_126' title='bbox 830 2645 962 2718; x_wconf 87' lang='lat' dir='ltr'><strong>utraquo</strong></span> <span class='ocrx_word' id='word_1_127' title='bbox 992 2638 1174 2715; x_wconf 88' lang='lat' dir='ltr'><strong>sententia,</strong></span> <span class='ocrx_word' id='word_1_128' title='bbox 1209 2647 1274 2702; x_wconf 87' lang='lat' dir='ltr'><strong>tam</strong></span> <span class='ocrx_word' id='word_1_129' title='bbox 1302 2636 1348 2698; x_wconf 87' lang='lat' dir='ltr'><strong>illa</strong></span> 
     </span>
     <span class='ocr_line' id='line_1_21' title="bbox 229 2743 1348 2827; baseline -0.001 -24"><span class='ocrx_word' id='word_1_130' title='bbox 229 2762 359 2824; x_wconf 86' lang='lat' dir='ltr'><strong>nempe,</strong></span> <span class='ocrx_word' id='word_1_131' title='bbox 397 2764 477 2827; x_wconf 85' lang='lat' dir='ltr'><strong>quae</strong></span> <span class='ocrx_word' id='word_1_132' title='bbox 505 2746 596 2826; x_wconf 79' lang='lat' dir='ltr'><strong>ipsos</strong></span> <span class='ocrx_word' id='word_1_133' title='bbox 628 2743 872 2820; x_wconf 84' lang='lat' dir='ltr'><strong>contrahentes,</strong></span> <span class='ocrx_word' id='word_1_134' title='bbox 903 2763 996 2824; x_wconf 85' lang='lat' dir='ltr'><strong>quam</strong></span> <span class='ocrx_word' id='word_1_135' title='bbox 1027 2763 1082 2820; x_wconf 89' lang='lat' dir='ltr'><strong>ea,</strong></span> <span class='ocrx_word' id='word_1_136' title='bbox 1114 2763 1200 2822; x_wconf 74' lang='lat' dir='ltr'><strong>quae</strong></span> <span class='ocrx_word' id='word_1_137' title='bbox 1225 2745 1348 2822; x_wconf 73' lang='lat' dir='ltr'><strong>Presby-</strong></span> 
     </span>
     <span class='ocr_line' id='line_1_22' title="bbox 228 2848 1348 2930; baseline 0 -22"><span class='ocrx_word' id='word_1_138' title='bbox 228 2856 328 2910; x_wconf 84' lang='lat' dir='ltr'><strong>terum</strong></span> <span class='ocrx_word' id='word_1_139' title='bbox 352 2848 548 2912; x_wconf 83' lang='lat' dir='ltr'><strong>Sacramenti</strong></span> <span class='ocrx_word' id='word_1_140' title='bbox 576 2849 656 2911; x_wconf 83' lang='lat' dir='ltr'><strong>facit</strong></span> <span class='ocrx_word' id='word_1_141' title='bbox 686 2848 868 2928; x_wconf 85' lang='lat' dir='ltr'><strong>ministros,</strong></span> <span class='ocrx_word' id='word_1_142' title='bbox 899 2850 1072 2930; x_wconf 77' lang='lat' dir='ltr'><strong>coniuges,</strong></span> <span class='ocrx_word' id='word_1_143' title='bbox 1102 2849 1206 2910; x_wconf 90' lang='lat' dir='ltr'><strong>modo</strong></span> <span class='ocrx_word' id='word_1_144' title='bbox 1239 2853 1270 2911; x_wconf 93' lang='lat' dir='ltr'><strong>in</strong></span> <span class='ocrx_word' id='word_1_145' title='bbox 1291 2868 1348 2909; x_wconf 79' lang='lat' dir='ltr'><strong>vera</strong></span> 
     </span>
     <span class='ocr_line' id='line_1_23' title="bbox 229 2953 1349 3035; baseline 0.001 -21"><span class='ocrx_word' id='word_1_146' title='bbox 229 2953 293 3015; x_wconf 89' lang='lat' dir='ltr'><strong>tide</strong></span> <span class='ocrx_word' id='word_1_147' title='bbox 315 2954 463 3033; x_wconf 69' lang='lat' dir='ltr'><strong>inundati,</strong></span> <span class='ocrx_word' id='word_1_148' title='bbox 486 2957 653 3035; x_wconf 84' lang='lat' dir='ltr'><strong>animoque</strong></span> <span class='ocrx_word' id='word_1_149' title='bbox 675 2957 735 3017; x_wconf 87' lang='lat' dir='ltr'><strong>rite</strong></span> <span class='ocrx_word' id='word_1_150' title='bbox 758 2954 932 3035; x_wconf 72' lang='lat' dir='ltr'><strong>dispositi,</strong></span> <span class='ocrx_word' id='word_1_151' title='bbox 954 2975 991 3016; x_wconf 85' lang='lat' dir='ltr'><strong>ae</strong></span> <span class='ocrx_word' id='word_1_152' title='bbox 1020 2955 1158 3034; x_wconf 84' lang='lat' dir='ltr'><strong>proinde</strong></span> <span class='ocrx_word' id='word_1_153' title='bbox 1183 2957 1349 3018; x_wconf 85' lang='lat' dir='ltr'><strong>institutio·</strong></span> 
     </span>
     <span class='ocr_line' id='line_1_24' title="bbox 228 3041 1349 3133; baseline 0.003 -14"><span class='ocrx_word' id='word_1_154' title='bbox 228 3061 262 3120; x_wconf 90' lang='lat' dir='ltr'><strong>ni</strong></span> <span class='ocrx_word' id='word_1_155' title='bbox 284 3060 409 3121; x_wconf 82' lang='lat' dir='ltr'><strong>Christi</strong></span> <span class='ocrx_word' id='word_1_156' title='bbox 432 3041 639 3133; x_wconf 77' lang='lat' dir='ltr'><strong>conformiter</strong></span> <span class='ocrx_word' id='word_1_157' title='bbox 667 3061 708 3122; x_wconf 86' lang='lat' dir='ltr'><strong>ad</strong></span> <span class='ocrx_word' id='word_1_158' title='bbox 730 3059 902 3121; x_wconf 90' lang='lat' dir='ltr'><strong>ineundum</strong></span> <span class='ocrx_word' id='word_1_159' title='bbox 929 3060 1166 3122; x_wconf 85' lang='lat' dir='ltr'><strong>matrimonium</strong></span> <span class='ocrx_word' id='word_1_160' title='bbox 1199 3062 1349 3133; x_wconf 73' lang='lat' dir='ltr'><strong>accedant,</strong></span> 
     </span>
     <span class='ocr_line' id='line_1_25' title="bbox 229 3164 1350 3248; baseline 0.004 -26"><span class='ocrx_word' id='word_1_161' title='bbox 229 3166 352 3242; x_wconf 78' lang='lat' dir='ltr'><strong>gratiae</strong></span> <span class='ocrx_word' id='word_1_162' title='bbox 374 3168 623 3245; x_wconf 84' lang='lat' dir='ltr'><strong>sanctificantis,</strong></span> <span class='ocrx_word' id='word_1_163' title='bbox 652 3164 850 3244; x_wconf 85' lang='lat' dir='ltr'><strong>aliorumque</strong></span> <span class='ocrx_word' id='word_1_164' title='bbox 872 3166 1070 3227; x_wconf 87' lang='lat' dir='ltr'><strong>Sacramenti</strong></span> <span class='ocrx_word' id='word_1_165' title='bbox 1092 3165 1271 3230; x_wconf 83' lang='lat' dir='ltr'><strong>effectuum</strong></span> <span class='ocrx_word' id='word_1_166' title='bbox 1291 3187 1350 3248; x_wconf 84' lang='lat' dir='ltr'><strong>par·</strong></span> 
     </span>
     <span class='ocr_line' id='line_1_26' title="bbox 229 3269 1350 3352; baseline 0.002 -25"><span class='ocrx_word' id='word_1_167' title='bbox 229 3269 346 3346; x_wconf 83' lang='lat' dir='ltr'><strong>ticipes</strong></span> <span class='ocrx_word' id='word_1_168' title='bbox 368 3270 463 3332; x_wconf 85' lang='lat' dir='ltr'><strong>reddi</strong></span> <span class='ocrx_word' id='word_1_169' title='bbox 484 3291 598 3348; x_wconf 81' lang='lat' dir='ltr'><strong>possc;</strong></span> <span class='ocrx_word' id='word_1_170' title='bbox 622 3271 699 3332; x_wconf 90' lang='lat' dir='ltr'><strong>illos</strong></span> <span class='ocrx_word' id='word_1_171' title='bbox 723 3292 740 3332; x_wconf 85' lang='lat' dir='ltr'><strong>c</strong></span> <span class='ocrx_word' id='word_1_172' title='bbox 764 3271 977 3352; x_wconf 84' lang='lat' dir='ltr'><strong>contra,.qui</strong></span> <span class='ocrx_word' id='word_1_173' title='bbox 1000 3278 1032 3333; x_wconf 86' lang='lat' dir='ltr'><strong>et</strong></span> <span class='ocrx_word' id='word_1_174' title='bbox 1052 3272 1118 3350; x_wconf 84' lang='lat' dir='ltr'><strong>ipsi</strong></span> <span class='ocrx_word' id='word_1_175' title='bbox 1140 3273 1179 3334; x_wconf 88' lang='lat' dir='ltr'><strong>in</strong></span> <span class='ocrx_word' id='word_1_176' title='bbox 1206 3295 1278 3336; x_wconf 73' lang='lat' dir='ltr'><strong>vera</strong></span> <span class='ocrx_word' id='word_1_177' title='bbox 1298 3271 1350 3334; x_wconf 81' lang='lat' dir='ltr'><strong>tide</strong></span> 
     </span>
    </p>
   </div>
   <div class='ocr_carea' id='block_1_7' title="bbox 123 3370 1349 3457">
    <p class='ocr_par' dir='ltr' id='par_1_7' title="bbox 123 3370 1349 3457">
     <span class='ocr_line' id='line_1_27' title="bbox 123 3370 1349 3457; baseline 0.007 -27"><span class='ocrx_word' id='word_1_178' title='bbox 123 3407 126 3411; x_wconf 95' lang='lat'>-</span> <span class='ocrx_word' id='word_1_179' title='bbox 225 3370 395 3451; x_wconf 85' lang='lat' dir='ltr'><strong>vacillant,</strong></span> <span class='ocrx_word' id='word_1_180' title='bbox 418 3382 450 3435; x_wconf 91' lang='lat' dir='ltr'><strong>et</strong></span> <span class='ocrx_word' id='word_1_181' title='bbox 470 3377 673 3457; x_wconf 86' lang='lat' dir='ltr'><strong>praecipuam</strong></span> <span class='ocrx_word' id='word_1_182' title='bbox 710 3397 797 3438; x_wconf 75' lang='lat' dir='ltr'><strong>stiam</strong></span> <span class='ocrx_word' id='word_1_183' title='bbox 821 3376 1066 3456; x_wconf 80' lang='lat' dir='ltr'><strong>obligationem,</strong></span> <span class='ocrx_word' id='word_1_184' title='bbox 1096 3376 1229 3441; x_wconf 89' lang='lat' dir='ltr'><strong>liberos</strong></span> <span class='ocrx_word' id='word_1_185' title='bbox 1251 3381 1281 3442; x_wconf 91' lang='lat' dir='ltr'><strong>in</strong></span> <span class='ocrx_word' id='word_1_186' title='bbox 1302 3397 1349 3440; x_wconf 83' lang='lat' dir='ltr'><strong>nm</strong></span> 
     </span>
    </p>
   </div>
   <div class='ocr_carea' id='block_1_8' title="bbox 224 3479 1348 4089">
    <p class='ocr_par' dir='ltr' id='par_1_8' title="bbox 224 3479 1348 4089">
     <span class='ocr_line' id='line_1_28' title="bbox 227 3479 1348 3575; baseline 0.002 -35"><span class='ocrx_word' id='word_1_187' title='bbox 227 3479 331 3575; x_wconf 70' lang='lat' dir='ltr'><strong>divina</strong></span> <span class='ocrx_word' id='word_1_188' title='bbox 355 3489 387 3542; x_wconf 92' lang='lat' dir='ltr'><strong>et</strong></span> <span class='ocrx_word' id='word_1_189' title='bbox 415 3479 558 3542; x_wconf 87' lang='lat' dir='ltr'><strong>salvifica</strong></span> <span class='ocrx_word' id='word_1_190' title='bbox 597 3480 765 3562; x_wconf 79' lang='lat' dir='ltr'><strong>Religione</strong></span> <span class='ocrx_word' id='word_1_191' title='bbox 797 3481 972 3558; x_wconf 88' lang='lat' dir='ltr'><strong>educandi,</strong></span> <span class='ocrx_word' id='word_1_192' title='bbox 1003 3480 1139 3562; x_wconf 87' lang='lat' dir='ltr'><strong>implere</strong></span> <span class='ocrx_word' id='word_1_193' title='bbox 1174 3484 1348 3556; x_wconf 84' lang='lat' dir='ltr'><strong>detrectant,</strong></span> 
     </span>
     <span class='ocr_line' id='line_1_29' title="bbox 228 3587 1348 3671; baseline 0 -24"><span class='ocrx_word' id='word_1_194' title='bbox 228 3593 259 3647; x_wconf 93' lang='lat' dir='ltr'><strong>et</strong></span> <span class='ocrx_word' id='word_1_195' title='bbox 290 3587 457 3650; x_wconf 83' lang='lat' dir='ltr'><strong>mundanis</strong></span> <span class='ocrx_word' id='word_1_196' title='bbox 488 3587 639 3650; x_wconf 80' lang='lat' dir='ltr'><strong>duntaxat</strong></span> <span class='ocrx_word' id='word_1_197' title='bbox 677 3588 987 3650; x_wconf 71' lang='lat' dir='ltr'><strong>considerationibus</strong></span> <span class='ocrx_word' id='word_1_198' title='bbox 1023 3587 1114 3650; x_wconf 90' lang='lat' dir='ltr'><strong>ducti</strong></span> <span class='ocrx_word' id='word_1_199' title='bbox 1153 3592 1201 3652; x_wconf 87' lang='lat' dir='ltr'><strong>ad</strong></span> <span class='ocrx_word' id='word_1_200' title='bbox 1239 3591 1348 3671; x_wconf 83' lang='lat' dir='ltr'><strong>nuptias</strong></span> 
     </span>
     <span class='ocr_line' id='line_1_30' title="bbox 227 3691 1346 3778; baseline 0.002 -27"><span class='ocrx_word' id='word_1_201' title='bbox 227 3691 413 3776; x_wconf 83' lang='lat' dir='ltr'><strong>convolant,</strong></span> <span class='ocrx_word' id='word_1_202' title='bbox 444 3713 501 3755; x_wconf 89' lang='lat' dir='ltr'><strong>seu</strong></span> <span class='ocrx_word' id='word_1_203' title='bbox 530 3693 566 3754; x_wconf 89' lang='lat' dir='ltr'><strong>hi</strong></span> <span class='ocrx_word' id='word_1_204' title='bbox 588 3713 646 3755; x_wconf 88' lang='lat' dir='ltr'><strong>suo</strong></span> <span class='ocrx_word' id='word_1_205' title='bbox 676 3695 822 3774; x_wconf 87' lang='lat' dir='ltr'><strong>ipsorum</strong></span> <span class='ocrx_word' id='word_1_206' title='bbox 845 3694 1044 3771; x_wconf 88' lang='lat' dir='ltr'><strong>ministerio,</strong></span> <span class='ocrx_word' id='word_1_207' title='bbox 1076 3696 1145 3755; x_wconf 87' lang='lat' dir='ltr'><strong>sive</strong></span> <span class='ocrx_word' id='word_1_208' title='bbox 1177 3717 1240 3778; x_wconf 87' lang='lat' dir='ltr'><strong>per</strong></span> <span class='ocrx_word' id='word_1_209' title='bbox 1261 3713 1346 3759; x_wconf 84' lang='lat' dir='ltr'><strong>sacer·</strong></span> 
     </span>
     <span class='ocr_line' id='line_1_31' title="bbox 228 3796 1345 3878; baseline 0.002 -22"><span class='ocrx_word' id='word_1_210' title='bbox 228 3796 334 3856; x_wconf 86' lang='lat' dir='ltr'><strong>dotem</strong></span> <span class='ocrx_word' id='word_1_211' title='bbox 356 3814 416 3875; x_wconf 93' lang='lat' dir='ltr'><strong>qua</strong></span> <span class='ocrx_word' id='word_1_212' title='bbox 435 3799 615 3860; x_wconf 85' lang='lat' dir='ltr'><strong>ministrum</strong></span> <span class='ocrx_word' id='word_1_213' title='bbox 638 3800 842 3860; x_wconf 89' lang='lat' dir='ltr'><strong>matrimonio</strong></span> <span class='ocrx_word' id='word_1_214' title='bbox 863 3800 1053 3878; x_wconf 77' lang='lat' dir='ltr'><strong>iungantur,</strong></span> <span class='ocrx_word' id='word_1_215' title='bbox 1077 3801 1110 3860; x_wconf 91' lang='lat' dir='ltr'><strong>in</strong></span> <span class='ocrx_word' id='word_1_216' title='bbox 1130 3821 1172 3862; x_wconf 90' lang='lat' dir='ltr'><strong>eo</strong></span> <span class='ocrx_word' id='word_1_217' title='bbox 1194 3808 1278 3865; x_wconf 84' lang='lat' dir='ltr'><strong>statu</strong></span> <span class='ocrx_word' id='word_1_218' title='bbox 1291 3817 1345 3862; x_wconf 90' lang='lat' dir='ltr'><strong>no·</strong></span> 
     </span>
     <span class='ocr_line' id='line_1_32' title="bbox 225 3901 1346 3985; baseline 0.004 -26"><span class='ocrx_word' id='word_1_219' title='bbox 225 3901 287 3960; x_wconf 86' lang='lat' dir='ltr'><strong>rali</strong></span> <span class='ocrx_word' id='word_1_220' title='bbox 305 3905 483 3984; x_wconf 66' lang='lat' dir='ltr'><strong>constitui,</strong></span> <span class='ocrx_word' id='word_1_221' title='bbox 517 3911 553 3965; x_wconf 90' lang='lat' dir='ltr'><strong>ut</strong></span> <span class='ocrx_word' id='word_1_222' title='bbox 574 3905 811 3966; x_wconf 88' lang='lat' dir='ltr'><strong>matrimonium</strong></span> <span class='ocrx_word' id='word_1_223' title='bbox 833 3906 977 3985; x_wconf 84' lang='lat' dir='ltr'><strong>ipsorum</strong></span> <span class='ocrx_word' id='word_1_224' title='bbox 1000 3905 1106 3984; x_wconf 86' lang='lat' dir='ltr'><strong>possit</strong></span> <span class='ocrx_word' id='word_1_225' title='bbox 1137 3909 1272 3984; x_wconf 87' lang='lat' dir='ltr'><strong>quidem</strong></span> <span class='ocrx_word' id='word_1_226' title='bbox 1290 3923 1346 3967; x_wconf 83' lang='lat' dir='ltr'><strong>esse</strong></span> 
     </span>
     <span class='ocr_line' id='line_1_33' title="bbox 224 4007 1347 4089; baseline 0.006 -25"><span class='ocrx_word' id='word_1_227' title='bbox 224 4013 413 4085; x_wconf 84' lang='lat' dir='ltr'><strong>perpetuum</strong></span> <span class='ocrx_word' id='word_1_228' title='bbox 434 4027 472 4069; x_wconf 89' lang='lat' dir='ltr'><strong>ac</strong></span> <span class='ocrx_word' id='word_1_229' title='bbox 489 4007 734 4087; x_wconf 83' lang='lat' dir='ltr'><strong>indissolubile,</strong></span> <span class='ocrx_word' id='word_1_230' title='bbox 758 4009 816 4071; x_wconf 84' lang='lat' dir='ltr'><strong>sed</strong></span> <span class='ocrx_word' id='word_1_231' title='bbox 837 4011 959 4089; x_wconf 72' lang='lat' dir='ltr'><strong>gratiae</strong></span> <span class='ocrx_word' id='word_1_232' title='bbox 982 4009 1222 4081; x_wconf 86' lang='lat' dir='ltr'><strong>sanctificantis</strong></span> <span class='ocrx_word' id='word_1_233' title='bbox 1244 4013 1347 4075; x_wconf 79' lang='lat' dir='ltr'><strong>aditum</strong></span> 
     </span>
    </p>
   </div>
   <div class='ocr_carea' id='block_1_9' title="bbox 136 4109 1344 4192">
    <p class='ocr_par' dir='ltr' id='par_1_9' title="bbox 136 4109 1344 4192">
     <span class='ocr_line' id='line_1_34' title="bbox 136 4109 1344 4192; baseline 0.001 -20"><span class='ocrx_word' id='word_1_234' title='bbox 136 4180 142 4186; x_wconf 90' lang='lat'>.</span> <span class='ocrx_word' id='word_1_235' title='bbox 225 4109 305 4173; x_wconf 81' lang='lat' dir='ltr'><strong>tales</strong></span> <span class='ocrx_word' id='word_1_236' title='bbox 328 4113 392 4189; x_wconf 86' lang='lat' dir='ltr'><strong>ipsi</strong></span> <span class='ocrx_word' id='word_1_237' title='bbox 414 4114 477 4174; x_wconf 80' lang='lat' dir='ltr'><strong>sibi</strong></span> <span class='ocrx_word' id='word_1_238' title='bbox 498 4113 716 4192; x_wconf 82' lang='lat' dir='ltr'><strong>praecludunt.</strong></span> <span class='ocrx_word' id='word_1_239' title='bbox 739 4116 786 4177; x_wconf 88' lang='lat' dir='ltr'><strong>De</strong></span> <span class='ocrx_word' id='word_1_240' title='bbox 822 4119 1033 4176; x_wconf 74' lang='lat' dir='ltr'><strong>benedictione</strong></span> <span class='ocrx_word' id='word_1_241' title='bbox 1055 4114 1188 4180; x_wconf 84' lang='lat' dir='ltr'><strong>demum</strong></span> <span class='ocrx_word' id='word_1_242' title='bbox 1212 4115 1344 4182; x_wconf 85' lang='lat' dir='ltr'><strong>Sacerdo·</strong></span> 
     </span>
    </p>
   </div>
   <div class='ocr_carea' id='block_1_10' title="bbox 223 4216 1341 4407">
    <p class='ocr_par' dir='ltr' id='par_1_10' title="bbox 223 4216 1341 4407">
     <span class='ocr_line' id='line_1_35' title="bbox 224 4216 1341 4305; baseline 0.003 -28"><span class='ocrx_word' id='word_1_243' title='bbox 224 4219 266 4278; x_wconf 85' lang='lat' dir='ltr'><strong>tis</strong></span> <span class='ocrx_word' id='word_1_244' title='bbox 291 4217 493 4279; x_wconf 88' lang='lat' dir='ltr'><strong>matrimonio</strong></span> <span class='ocrx_word' id='word_1_245' title='bbox 514 4221 725 4301; x_wconf 84' lang='lat' dir='ltr'><strong>impendenda</strong></span> <span class='ocrx_word' id='word_1_246' title='bbox 748 4220 784 4280; x_wconf 92' lang='lat' dir='ltr'><strong>id</strong></span> <span class='ocrx_word' id='word_1_247' title='bbox 808 4216 1010 4301; x_wconf 86' lang='lat' dir='ltr'><strong>proponunt:</strong></span> <span class='ocrx_word' id='word_1_248' title='bbox 1035 4220 1119 4284; x_wconf 88' lang='lat' dir='ltr'><strong>banc</strong></span> <span class='ocrx_word' id='word_1_249' title='bbox 1135 4243 1199 4305; x_wconf 87' lang='lat' dir='ltr'><strong>per</strong></span> <span class='ocrx_word' id='word_1_250' title='bbox 1215 4221 1341 4288; x_wconf 86' lang='lat' dir='ltr'><strong>sacerdo·</strong></span> 
     </span>
     <span class='ocr_line' id='line_1_36' title="bbox 223 4324 1339 4407; baseline 0.004 -23"><span class='ocrx_word' id='word_1_251' title='bbox 223 4331 285 4384; x_wconf 85' lang='lat' dir='ltr'><strong>tem</strong></span> <span class='ocrx_word' id='word_1_252' title='bbox 307 4342 371 4384; x_wconf 94' lang='lat' dir='ltr'><strong>non</strong></span> <span class='ocrx_word' id='word_1_253' title='bbox 394 4329 472 4384; x_wconf 90' lang='lat' dir='ltr'><strong>nutu</strong></span> <span class='ocrx_word' id='word_1_254' title='bbox 495 4344 571 4403; x_wconf 87' lang='lat' dir='ltr'><strong>suo,</strong></span> <span class='ocrx_word' id='word_1_255' title='bbox 601 4326 658 4388; x_wconf 88' lang='lat' dir='ltr'><strong>sed</strong></span> <span class='ocrx_word' id='word_1_256' title='bbox 689 4346 750 4407; x_wconf 90' lang='lat' dir='ltr'><strong>qua</strong></span> <span class='ocrx_word' id='word_1_257' title='bbox 787 4324 913 4389; x_wconf 82' lang='lat' dir='ltr'><strong>fidelem</strong></span> <span class='ocrx_word' id='word_1_258' title='bbox 946 4326 1209 4407; x_wconf 87' lang='lat' dir='ltr'><strong>dispensatorem</strong></span> <span class='ocrx_word' id='word_1_259' title='bbox 1233 4334 1259 4392; x_wconf 76' lang='lat' dir='ltr'><strong>si</strong></span> <span class='ocrx_word' id='word_1_260' title='bbox 1280 4327 1339 4390; x_wconf 77' lang='lat' dir='ltr'><strong>diii·</strong></span> 
     </span>
    </p>
   </div>
   <div class='ocr_carea' id='block_1_11' title="bbox 0 0 1409 4838">
    <p class='ocr_par' dir='ltr' id='par_1_11' title="bbox 0 0 1409 4838">
     <span class='ocr_line' id='line_1_37' title="bbox 0 0 1409 4838; baseline 0 0"><span class='ocrx_word' id='word_1_261' title='bbox 0 0 1409 4838; x_wconf 95' lang='lat' dir='ltr'><strong> </strong></span> 
     </span>
    </p>
   </div>
  </div>
 </body>
</html>
