2798 4838
514 305 563 316 ..
589 265 666 335 555
692 305 741 317 ..

59 416 222 489 tamquam
257 402 428 471 Potestatis
464 405 711 472 Ecclesiasticus
741 406 904 472 violationi
938 429 956 471 a
986 428 1021 470 se
1060 416 1186 470 conua-

60 514 138 576 dici,
161 512 238 588 inea)
965 524 968 537 =

165 620 257 682 Licet
278 626 381 682 antem
404 621 436 680 in
458 621 647 682 sententiam
670 621 849 683 Comitatus
872 619 1048 683 l’estiensls
1076 617 1186 699 plures

33 785 36 790 .
59 724 308 787 «iurisdictiones
328 726 560 787 comitatenses
583 727 757 805 abiverint,
780 725 1122 803 determinationesque
1140 726 1186 786 ei·

60 829 136 892 dem
158 827 339 893 conformes
363 831 543 892 ediderintr
575 851 637 892 non
668 839 738 894 erat
767 839 872 894 tamen
908 830 1015 892 eadem
1048 831 1188 892 omnium
1219 833 1223 843 '

62 936 280 998 comitatuum
303 934 450 999 mensae
472 938 648 1012 sententia;
678 939 742 999 imo
779 958 842 999 non
866 935 996 997 deerant
1024 935 1187 1016 egressio

60 1041 202 1121 ipsarrnn
223 1043 486 1104 iurisdictionum
509 1043 619 1104 harum
644 1041 812 1122 Civilinm,
844 1061 924 1123 quae
946 1060 1003 1122 pro
1026 1039 1189 1103 defensio

61 1166 102 1209 ne
131 1148 275 1209 veritatis
300 1147 506 1225 Catholicae,
538 1156 570 1209 et
596 1150 771 1210 Potestatls
795 1147 1042 1210 Ecclesiasticae
1072 1148 1103 1208 in
1134 1147 1189 1225 iis,

27 1272 33 1279 ¹
62 1273 144 1333 natae
166 1251 333 1333 religionis
355 1261 429 1315 sunt
453 1274 491 1315 ae
512 1274 694 1332 sacrorum,
724 1253 970 1335 independentie
999 1254 1032 1315 in
1062 1270 1189 1319 arenam

60 1358 306 1420 descenderunt.
348 1361 406 1420 llis
444 1357 605 1441 praeluxit
641 1362 820 1422 Comitatus
858 1359 1190 1440 strigoniensis

61 1445 101 1526 ex
133 1463 286 1526 Generali
311 1484 370 1525 saio
395 1466 559 1526 Conventu
589 1463 640 1526 die
671 1471 720 1528 14.
748 1467 822 1528 Dec.
858 1469 950 1527 1840.
984 1463 1025 1526 ad
1059 1465 1190 1544 Regiam
1258 1488 1260 1494 <

60 1571 267 1649 Majestatem
287 1572 614 1652 repraesentationem
637 1571 822 1632 dimittens:
844 1572 934 1633 cuiue
957 1588 1017 1649 ope
1039 1567 1189 1648 Enrycli-

63 1695 119 1737 eas
142 1673 253 1736 literas
276 1674 463 1737 Praesulnm
486 1677 668 1755 Hnngariae
697 1681 780 1738 circa
809 1698 873 1738 rem
912 1682 1002 1737 matr.
1022 1674 1189 1735 mistarum

61 1772 167 1842 editas
185 1801 256 1841 snec
278 1780 404 1860 legibus
435 1783 549 1861 patriis
571 1782 751 1858 adventuri,
781 1803 840 1843 nec
863 1802 931 1842 cunr
962 1798 1059 1858 scopo
1089 1785 1120 1840 et
1140 1778 1189 1839 ln-
1275 1776 1279 1782 ’

61 1887 284 1948 ιὶίὶιιῐίοιιίἰιιιι
307 1887 454 1948 Civitatis
477 1885 648 1963 collidere,
671 1909 708 1950 ac
733 1886 866 1965 proinde
896 1886 1088 1947 sanctionem
1112 1903 1189 1962 poe-

60 1990 168 2053 nalem
192 2010 248 2070 per
269 1991 438 2053 nonnullos
463 1994 641 2055 Comitatus
673 2013 731 2074 pro
756 1992 909 2055 Parochis
933 1988 1108 2053 Catholicis
1140 1988 1189 2050 di-

62 2105 183 2158 ctatam
214 2095 255 2158 ad
286 2117 392 2159 casum
424 2107 622 2190 praesentem
654 2096 742 2159 nullo
774 2098 867 2160 modo
899 2095 1054 2196 applicari
1094 2113 1189 2175 posse

58 2201 226 2284 praeclare
249 2201 383 2278 evolvit,
406 2203 572 2284 simulque
591 2206 709 2284 Regiae
734 2176 897 2266 Maiestati
920 2199 1101 2291 supplicare
1125 2218 1189 2262 non
1228 2274 1232 2292 Ι

60 2310 256 2386 intermisit,
280 2316 315 2393 nt
338 2308 522 2370 Praesulnm
542 2311 675 2390 Regni
667 2330 697 2371 ιιι
715 2313 809 2371 rebus
832 2307 998 2388 religionis
1022 2315 1053 2368 et
1071 2307 1190 2368 rituum

65 2432 227 2475 sacrorum
257 2388 534 2493 independentiarn
569 2436 626 2496 per
648 2418 826 2478 Comitatus
856 2414 982 2495 aliquos
1013 2415 1046 2475 in
1074 2412 1191 2473 discri-

62 2538 134 2581 men
157 2519 348 2594 adductam,
372 2521 471 2598 Regia
495 2540 551 2582 sna
567 2523 767 2583 Auctoritate
789 2521 872 2582 tueri
895 2521 1052 2599 dignetur.
1073 2513 1147 2589 1064)

166 2627 215 2686 Ex
233 2626 616 2706 Repraesentationibus‚
632 2644 717 2704 -quas
740 2624 920 2705 complures
932 2625 1110 2687 Comitatus
1133 2619 1190 2683 ad-

61 2749 173 2791 versus
204 2730 431 2809 dispositiones
461 2732 492 2791 in
523 2732 636 2792 merito
669 2733 839 2792 mixtorum
871 2737 962 2792 matr.
987 2750 1004 2790 a
1027 2725 1191 2790 Praesuli·

67 2837 125 2894 bns
149 2837 252 2914 Regni
275 2836 376 2896 lactas
398 2835 439 2896 ad
461 2835 624 2896 'l‘lrronum
649 2836 783 2914 Regium
815 2835 1024 2910 dimiserunt,
1056 2835 1191 2894 Praesu-
1247 2909 1249 2915 y

65 2939 173 3001 leasve
196 2941 413 3002 ordinationes
437 2943 539 3002 instar
570 2942 761 3021 gravaminis
794 2940 1004 3023 proponendo
1036 2937 1191 3002 medelam

66 3045 181 3107 abinde
205 3045 437 3125 sollicitarunt,
468 3049 551 3108 inter
570 3047 780 3115 Monumenta
809 3054 921 3120 nostra
951 3046 1119 3107 referimus
1150 3043 1211 3106 il·'
1239 3050 1240 3054 ’

65 3151 130 3212 lam
160 3143 337 3213 Comitatus
368 3151 662 3230 Zaladiensis‚
694 3155 767 3233 qnia
800 3154 877 3214 haec
909 3153 1025 3213 ceteris
1056 3150 1191 3232 palmam

65 3259 222 3338 praeripit
241 3257 323 3318 etad
341 3259 480 3336 speeiem
500 3257 596 3320 multa
616 3265 799 3339 argumenta
816 3261 849 3320 in
866 3272 900 3320 se
919 3260 1070 3321 continet.
1090 3255 1191 3318 lnilla

30 3389 45 3421 ·.
65 3363 213 3424 ιιὶηιὶιιιιιι
244 3367 278 3436 a>
301 3364 403 3424 instar
424 3364 584 3443 praeludii
615 3366 849 3443 praemittitur,
883 3373 1076 3444 quantopere
1106 3360 1193 3423 bella

65 3467 274 3548 religionaria
298 3468 422 3529 Patriae
454 3472 640 3548 nocuerint,
674 3469 871 3550 qualiterque
901 3470 1036 3552 spiritus
1067 3449 1191 3529 discor-

131 3677 222 3744 .1063)
241 3684 328 3733 Mon.
348 3681 408 3732 377.
429 3696 491 3746 psg.
510 3682 571 3733 738.
589 3709 625 3719 -
643 3679 763 3731 Similem
783 3683 1022 3742 protestentionem
1041 3683 1069 3729 et
1087 3686 1193 3729 contra-

104 3775 246 3823 dictionem
265 3775 447 3836 aepiscopus
467 3788 573 3834 quoque
598 3773 759 3825 colocensis
779 3779 807 3824 et
832 3772 963 3835 Episcopi
990 3771 1135 3822 Veniensis
1152 3777 1192 3822 st·

104 3880 156 3925 que
175 3864 425 3939 alhs-Beguensis
444 3868 478 3916 ari
507 3865 666 3916 Comitstnm
685 3866 857 3916 Pestiensem
884 3852 1035 3927 dederunt,
1054 3877 1114 3913 eum
1140 3864 1193 3927 ipsi

102 3955 196 4018 plnres
223 3958 251 4006 in
279 3961 371 4008 eodem
400 3958 535 4009 Comitatu
561 3959 707 4008 Peroehias
735 3942 859 4006 habeant.
883 3981 920 3992 —
948 3955 1191 4007 contradictionem

102 4048 228 4098 Primstis
255 4051 404 4114 aegerrime
431 4047 491 4099 tulit
520 4049 669 4100 Comitatus
698 4048 867 4113 Pestiensis,
885 4053 912 4097 et
930 4049 963 4098 de
983 4044 1192 4109 Eodem'plsne
1232 4024 1239 4076 l
1263 4068 1267 4076 ·

104 4142 234 4206 dignitate
262 4152 311 4188 sus
337 4143 468 4203 privando
496 4142 706 4203 propositionem
736 4143 841 4203 iecere,
862 4118 1024 4206 ⁶liegio‘enue
1057 4138 1193 4189 Maieststi

68 4267 73 4278 s
104 4237 216 4280 eatenus
236 4237 440 4294 repraesentare
460 4246 514 4281 non
534 4233 673 4286 dubitavit.

140 4319 222 4383 1064)
242 4324 330 4372 Mon.
349 4323 411 4373 378.
431 4339 492 4390 pag.
510 4325 571 4375 ill.
1050 4345 1065 4381 s
