2798 4838
599 272 830 375 ..53³-

144 418 286 504 prollum
317 419 506 483 educatione
536 438 599 481 non
635 420 827 503 praebetur,
865 416 1122 482 benedictionem
1160 418 1281 500 nuptiis
1350 423 1355 438 '
1382 454 1390 467 „

144 529 256 591 mixtis
287 526 430 609 impendi
459 524 683 605 prohibuerit,
722 532 845 606 partem
877 530 982 587 tamen
1015 521 1207 589 catholicam
1239 523 1280 587 de

144 640 238 696 reatu
258 636 474 715 poenitentem
497 630 747 693 aConfessiono
770 627 995 694 sacramentali
1012 649 1212 713 nequaquam
1229 649 1282 694 re·

144 737 327 822 pellendam
351 758 424 801 esse
446 737 604 800 statuerit.
629 730 707 809 1111)

632 863 668 958 s
696 864 782 937 eso.

142 1005 344 1078 Episcopi
362 1005 584 1064 nnncensts
604 1003 800 1074 Gregorii
819 1005 1006 1062 Thomna
1025 1003 1193 1073 zlesien-
1210 1017 1278 1061 ze·

141 1102 216 1157 Ιιιι
234 1097 281 1154 ln
301 1100 611 1170 propugnando
629 1098 845 1168 principio
863 1098 1075 1165 catholico
1090 1095 1279 1161 occasio·
1311 1118 1318 1128 ·

141 1205 199 1251 mo
233 1190 548 1249 controversias
580 1203 678 1246 cum
709 1189 933 1259 laetamine
965 1188 1162 1260 Politlco¹
1180 1190 1280 1261 sup·

280 1284 480 1340 Austrtue
504 1296 541 1339 tr.
571 1285 694 1340 1888.
723 1287 766 1339 et
792 1283 917 1340 1888.
940 1272 1138 1340 testotus.

245 1394 410 1481 Singulari
432 1401 607 1463 attentione
631 1399 727 1481 digna
750 1421 915 1464 censemus
948 1420 1018 1463 esse
1051 1421 1103 1478 ea,
1138 1417 1220 1481 quae
1241 1399 1275 1460 in

139 1507 293 1570 Ilioecesi
313 1507 520 1569 Lincensi
550 1508 640 1569 annis
675 1510 768 1571 1838.
798 1514 830 1570 et
853 1512 946 1569 1839.
975 1508 1009 1568 in
1040 1506 1156 1577 merito
1182 1509 1275 1568 matr.

138 1615 312 1675 mixtorum
340 1619 519 1675 evenerunt.
559 1614 638 1674 (lum
667 1632 782 1694 nempe
811 1615 992 1695 Episcopus
1025 1612 1275 1692 Gregorius

139 1719 326 1781 Thomas
365 1717 568 1800 Eiegler,
607 1726 683 1801 post
713 1719 832 1782 lactum
870 1718 1063 1782 Coloniense
1104 1716 1276 1780 Parochos

139 1845 219 1888 suos
241 1844 302 1904 qua
323 1827 419 1888 verbo
443 1845 505 1905 qua
527 1826 648 1907 scripto
672 1845 709 1887 eo
733 1827 907 1908 inviasset,
939 1832 975 1888 ut
1004 1825 1038 1886 in
1068 1820 1273 1886 celebrandis

138 1938 232 1995 rnatr.
252 1933 362 1993 mixtis
384 1951 448 1992 non
471 1927 568 1992 aliam
598 1938 726 1993 servent
755 1931 919 2012 regulam,
948 1951 1042 2010 quam
1073 1949 1153 2011 quoae
1181 1930 1275 2009 innu-
1343 2010 1347 2017 ι

139 2038 239 2101 rneris
270 2038 564 2099 Constitutionibus
603 2043 635 2098 et
668 2039 899 2117 recentissimis
929 2037 1209 2102 Declarationibns
1241 2035 1275 2097 S.
1384 2079 1387 2087 ·

138 2141 236 2205 Sedis
264 2143 473 2226 Apostolicae
505 2137 655 2222 expressa
683 2145 838 2206 habetur:
871 2145 1013 2207 Parochi
1049 2150 1142 2206 matr.
1176 2144 1275 2204 mixta

139 2250 209 2311 sine
231 2251 434 2312 cautionibus
458 2252 497 2312 ab
519 2248 669 2312 Ecclesia
692 2249 886 2314 desideratis
909 2253 990 2314 inita
1022 2271 1112 2313 saera
1142 2247 1275 2313 benedi-

142 2356 247 2440 ctione
277 2377 477 2438 nequaquam
508 2358 709 2434 muniebant,
750 2357 807 2420 sed
848 2377 1038 2421 consensum
1070 2354 1275 2448 solummodo

139 2462 325 2524 nubentium
349 2464 569 2544 excipiebant,
592 2471 761 2544 actumque
783 2463 889 2526 valide
911 2472 1037 2545 gestum
1059 2462 1144 2525 libro
1164 2464 1273 2542 (lopu-

136 2562 276 2629 latorum
307 2588 366 2648 pro
398 2588 528 2630 munere
560 2587 618 2629 sno
648 2571 841 2631 inserebant.
880 2569 917 2631 ld
949 2590 1046 2650 quum
1082 2567 1272 2629 nominatim
1367 2566 1370 2572 ’

135 2671 303 2735 Parachus
333 2675 434 2735 Urbis
464 2678 552 2736 leolot
579 2672 731 2756 lecisset,
769 2693 884 2761 resque
913 2677 1018 2737 instar
1050 2672 1199 2755 querelae
1230 2671 1273 2735 ad

135 2782 288 2856 Regimen
309 2785 492 2858 Superioris
505 2783 657 2842 Austrioe
679 2799 737 2858 pro
761 2778 886 2841 medela
910 2779 1018 2842 delata
1039 2780 1176 2842 luissett
1198 2776 1271 2840 lon-

135 2884 209 2964 gior
240 2885 324 2947 inter
355 2887 554 2966 Episcopum
588 2891 619 2946 et
647 2886 802 2964 Regimen
833 2892 1041 2948 memoratum
1076 2891 1190 2948 ennata
1221 2893 1271 2947 est

135 2990 421 3071 correspondentia
453 2997 484 3051 et
521 2992 699 3072 respective
731 2991 972 3067 controversia:
1005 2993 1095 3054 euius
1132 2991 1270 3053 decursu

134 3094 270 3157 Praesul
294 3095 502 3158 doctissimus
525 3103 557 3158 et
580 3095 802 3158 zelosissimus
825 3098 944 3177 insigni
967 3099 1065 3160 animi
1088 3072 1268 3160 constantia

134 3202 334 3283 principium.
366 3199 559 3265 catholicum
596 3204 828 3284 propugnabat.
868 3204 998 3265 initium
1030 3205 1268 3266 controversiae
1311 3240 1312 3249 κ

132 3307 237 3386 ipsum
261 3309 415 3388 Regimen
447 3308 553 3371 dedita
586 3330 622 3372 ex
651 3309 806 3371 incidenti
839 3316 972 3390 negatae
1006 3330 1063 3390 per
1085 3310 1268 3372 Parochuns

132 3411 329 3474 antedictum
361 3413 557 3477 lsehlensem
587 3415 822 3478 benedictionis
851 3423 944 3480 matr.
978 3417 1089 3493 mixti,
1120 3436 1180 3497 ope
1204 3416 1267 3477 Re-

132 3504 248 3597 scripti
277 3517 331 3582 dd.
363 3524 414 3581 20.
438 3519 533 3582 Mart.
558 3524 654 3582 1838.
687 3510 774 3600 apud
805 3501 1044 3582 Ordinariatum
1076 3521 1267 3583 Linoensem
1321 3533 1323 3538 ’

133 3625 352 3704 quaestionem
374 3624 564 3704 formando,
598 3634 630 3687 et
658 3611 721 3687 tarn
746 3627 924 3688 Perochurn
958 3634 1090 3708 propter
1118 3634 1266 3708 negatam

131 3730 388 3792 benedictionem
404 3734 545 3813 corripi,
571 3752 664 3812 qtram
682 3753 789 3794 omnes
808 3733 943 3794 (iuratos
961 3732 1002 3794 ad
1021 3741 1162 3794 exactam
1179 3735 1264 3795 Con-

131 3837 311 3899 stitutionis
333 3837 529 3920 Josephinae
552 3837 780 3900 'l'olerantialis
810 3824 1172 3902 observantiaminviari
1205 3860 1264 3920 po-
1323 3884 1326 3899 .

131 3941 292 4006 stolando.
316 3941 393 4018 ¹²¹⁵)
420 3944 539 4008 Verum
560 3945 743 4027 Episcopus
773 3943 827 4007 dd.
851 3951 902 4006 22.
926 3943 1007 4005 Maii
1034 3949 1125 4008 1838.
1163 3947 1260 4026 Regi·
1342 4011 1345 4015 ,

130 4049 209 4110 mini
239 4051 440 4130 rescribens,
471 4051 632 4134 intrepide
663 4051 865 4114 enunciavit:
894 4051 1074 4116 Paroclrum
1105 4053 1139 4112 in'
1167 4072 1264 4131 qtrae-

130 4175 379 4192 ψ

204 4261 288 4328 1111)
309 4269 343 4315 es.
362 4266 540 4316 Schleriscber
559 4267 753 4318 utrcnenutau.
774 4263 863 4317 18³9.
882 4280 907 4324 a.
927 4263 994 4319 116.

202 4352 286 4421 1115)
306 4360 392 4412 lton.
413 4358 473 4411 891.
493 4373 555 4425 pag.
575 4358 636 4413 790.
