2798 4838
687 262 890 332 ...44-

228 401 304 468 illas
336 402 439 468 solum
469 406 728 481 memorabimus,
756 422 835 485 quas
864 402 968 484 quoad
1000 394 1199 495 matrimonio
1229 390 1343 482 mlxiii,

228 516 400 601 porie‘una
435 500 619 583 l‘oilrolicm
650 510 856 591 pertulerunt.
879 510 971 572 initio
1004 508 1131 588 quidem
1160 506 1340 571 censuit

225 616 312 678 'silus
334 609 420 677 uuila
444 621 533 678 erant
555 614 742 677 catholicos
762 616 847 678 inter
869 622 901 676 et
923 606 1139 676 Protestautes
1161 616 1193 674 ln
1216 604 1343 713 mmsis

227 708 300 784 satu
330 698 475 783 Palltino
507 720 726 784 matrimoniar
758 740 829 782 oum
859 718 1097 783 catholicorum
1127 719 1261 782 libertas
1291 728 1344 802 pe'r

229 812 587 889 dilectores²admodusri
610 828 780 889 constricta
803 827 988 904 haberetur,
1011 822 1112 903 adso,
1133 832 1169 887 ut
1200 824 1258 886 diu
1294 814 1344 887 ud-

229 928 357 1014 q'ui'denr'
376 916 586 1012 liroles'pure
608 931 775 995 catholicis
797 934 980 1014 parentibus
1003 932 1124 1011 genitas
1148 950 1205 1012 per
1236 920 1344 993 Sacer·

229 1014 336 1099 dotem
358 1033 560 1098 Gothollcom
589 1038 745 1121 baptisari
775 1036 882 1099 iacere
912 1036 1059 1115 licuerit3
1092 1036 1192 1097 donec
1208 1026 1344 1097 'undas

229 1140 360 1205 dilector
380 1139 616 1223 Phiiippus
637 1140 889 1207 wilhelmus
912 1163 972 1222 ope
994 1142 1102 1205 Edicti
1125 1141 1163 1204 de
1186 1138 1236 1205 a'n.
1258 1134 1345 1205 loti.

229 1244 355 1330 plenum
377 1246 571 1310 exercendae
593 1246 760 1329 roligionis
794 1246 978 1311 Catholicae
1009 1246 1190 1309 libertatem
1219 1232 1345 1309 concesss

229 1355 336 1415 sisset.
362 1370 401 1398 ·-··
424 1352 600 1433 occupatio
621 1356 724 1433 partis
746 1350 995 1416 Provinciarum‘
1008 1354 1241 1415 libenausrum'
1264 1354 1347 1415 ciret

224 1458 322 1520 duem
341 1455 452 1518 boculi
473 1457 572 1521 XVll.
602 1468 662 1540 'per
691 1461 798 1521 Gallos
827 1465 991 1540 praetextu
1022 1459 1102 1520 iuris
1136 1456 1346 1539 successioull

228 1580 290 1645 pro
308 1560 429 1661 ilmilla
454 1563 549 1625 Ducis
571 1565 810 1627 Aurelianensis
829 1564 918 1626 iacta
940 1566 972 1625 in
1003 1570 1087 1625 statu
1119 1581 1270 1649 quoque
1275 1552 1347 1625 rell·

226 1646 333 1749 ·g'idid
340 1666 453 1730 bornio
474 1670 706 1748 provinciarum
729 1690 791 1731 uon
815 1671 959 1755 exiguom
982 1670 1186 1732 mutationem
1215 1667 1345 1731 induxit.

224 1771 476 1837 callinicum
498 1774 638 1837 levorem
661 1794 697 1836 ac
728 1777 959 1856 protectionem
992 1774 1170 1855 Religionis
1203 1760 1346 1836 caenob

227 1898 283 1943 coe
307 1880 411 1940 omnia
434 1887 582 1961 egerrrnt,
607 1888 639 1942 et
661 1902 733 1942 mor
755 1890 827 1962 post
861 1887 1032 1960 occupatas
1065 1881 1246 1960 provincias
1272 1894 1347 1941 ‘oon'-

228 1984 424 2047 stitutionem
447 1983 632 2048 ediderunt':
656 1995 689 2048 ut
711 1985 818 2065 proles
842 2006 858 2047 e
881 1986 1092 2047 matrimoniis
1125 1986 1253 2063 mixtis,
1275 1996 1348 2064 not·

228 2096 262 2151 te
292 2108 352 2150 uuo
375 2089 553 2170 catholica,
572 2093 733 2174 genitas
728 2091 761 2153 iu
791 2088 854 2153 alio
883 2110 974 2170 quam
999 2088 1164 2152 catholica
1193 2084 1386 2173 religione''

229 2193 363 2257 educare
386 2201 512 2258 cautum
535 2199 586 2258 sit.
619 2201 705 2293 Quae
736 2176 919 2258 constitutio
949 2216 1007 2258 uec
1021 2217 1095 2277 per
1126 2202 1239 2285 Pacem
1259 2202 1348 2311 ¹¹9⁸·

229 2284 424 2362 ἶοιὶιιιιιιιιῖι
414 2296 499 2389 luter
521 2299 633 2363 Gallos
657 2322 694 2363 ex
715 2312 795 2381 una,
819 2306 850 2365 'et
873 2300 1077 2383 Principes
1053 2278 1250 2365 Rhodanus
1245 2272 1283 2364 ex'
1288 2284 1346 2405 sl·

228 2380 297 2468 lorii
302 2376 414 2490 paris
427 2402 543 2470 diebus
566 2412 617 2470 30.
641 2408 792 2471 Octobris
815 2402 847 2470 et
869 2412 920 2471 26.
943 2402 1130 2469 Nouembris
1157 2394 1250 2469 1697.
1276 2370 1345 2469 eolr-

230 2509 348 2575 clusam
368 2511 507 2593 abolita,
528 2513 592 2575 imo
621 2535 684 2574 non
716 2516 914 2575 obstantibus
944 2513 1067 2574 iteratis
1100 2512 1345 2574 Protestautium

229 2604 551 2681 contradictionibus·
560 2618 633 2680 Pa'ci
655 2616 705 2680 liii
728 2617 868 2681 clausula
891 2620 922 2681 in
946 2618 1087 2680 favorem
1109 2614 1344 2679 catholicorum

228 2721 350 2787 adnexa
368 2722 451 2786 luite
474 2731 534 2803 „ut
557 2722 683 2805 ileiigio
706 2723 874 2788 Catholica
896 2726 927 2786 in
951 2723 1126 2785 ditionibus
1151 2714 1349 2785 Palatinstu's

231 2828 374 2895 ilbenani
395 2830 428 2891 in
452 2849 488 2892 eo
511 2835 596 2891 statu
620 2838 841 2910 conservetur,
864 2832 896 2892 iu
920 2848 981 2909 quo
1003 2834 1146 2908 tempore
1167 2829 1269 2890 initae
1291 2814 1349 2891 Ps-

228 2935 274 2997 cis
296 2936 400 3017 posite
423 2936 626 2997 exstiiltoe-
657 2937 689 2998 ln
718 2934 786 2998 illis
814 2942 916 3000 autem
948 2934 1137 3017 provincds',
1167 2932 1202 2994 in
1235 2926 1349 3015 quibd's

228 3038 395 3104 dilectores
417 3041 545 3124 propria
567 3044 777 3119 auctoritate,
798 3043 917 3121 absque
940 3042 1059 3102 iniiuxu
1082 3036 1272 3123 Gallorum,
1295 3036 1348 3099 do'·

226 3144 447 3222 minabantur,
469 3143 601 3209 Elector
627 3146 814 3208 loannes
838 3143 1095 3208 Wilbeimus
1127 3140 1179 3205 dle
1207 3140 1266 3207 bs.
1296 3142 1347 3205 :lu-

227 3249 275 3312 nii
299 3254 389 3312 1694.
414 3251 544 3313 statuit:
566 3258 600 3312 ut
624 3250 665 3312 ad
693 3252 924 3333 praecavendas
954 3238 1159 3328 collisiones,
1189 3246 1349 3330 quoslibet

228 3358 317 3417 actus
336 3355 538 3438 parochiales
561 3376 656 3436 penes
679 3358 875 3419 matrimonia
901 3354 996 3417 mista
1018 3354 1107 3416 illius
1130 3346 1230 3436 pariis
1254 3356 1347 3435 doio-

228 3460 307 3523 olms
330 3456 496 3542 perduint,
518 3454 597 3543 ouras
620 3464 669 3523 'est
690 3470 784 3544 caput
806 3460 966 3539 familiae,
988 3480 1044 3523 seu
1061 3461 1227 3541 'parochus
1256 3450 1348 3541 spiru-

229 3570 275 3648 si,
297 3567 489 3648 uc'proinde
510 3565 618 3648 proles
641 3570 734 3631 etiam
758 3570 827 3630 sine
858 3552 1042 3628 discrimine
1073 3564 1263 3649 religionem
1287 3548 1348 3646 ἰιι-

228 3670 288 3733 tris
310 3666 492 3753 sequalit'nr.
518 3672 602 3734 idem
624 3671 757 3736 illector
778 3673 916 3741 obtentis
938 3691 996 3750 per
1016 3671 1132 3733 Pacem
1164 3670 1347 3753 Rysuicer·

229 3796 295 3839 sem
316 3776 509 3859 provinciis,
532 3798 609 3859 quas
622 3776 721 3841 'Galli
743 3780 955 3858 occuparunt,
978 3794 1059 3838 novo
1093 3774 1301 3838 decreto'die
1323 3760 1349 3837 6.

229 3884 358 3945 Octobr.
399 3888 489 3945 1698.
528 3885 673 3946 omnibus
711 3885 813 3945 tribus
851 3884 1044 3946 Christianis
1083 3880 1349 3945 confessionibus

228 3987 353 4067 plenam
377 3987 569 4052 exercendae
605 3987 773 4071 religionis
799 3987 981 4052 libertatem
1014 3980 1234 4065 confirmavit,
1248 4064 1251 4069 Ι
1267 3981 1352 4049 sslrs

227 4102 332 4155 tamen
355 4091 498 4155 clausula
521 4095 615 4157 Pacis
638 4096 852 4176 Rysnicensis
874 4116 933 4176 pro
956 4093 1064 4156 lavore
1087 4090 1272 4172 Religionis
1295 4092 1353 4155 ca·

226 4198 368 4261 ibolicee
390 4198 486 4261 edita.
507 4201 556 4262 Ex
580 4199 639 4262 hac
662 4199 805 4263 clausula
819 4201 1017 4278 Reformati,
1032 4219 1091 4282 per
1106 4199 1233 4277 Corpus
1251 4198 1356 4261 Essu-

228 4301 404 4383 gelicorum
426 4304 661 4377 liatisboueuse
682 4307 852 4388 insiguiter
874 4306 998 4370 dolensi
1026 4325 1063 4368 oc
1092 4301 1272 4384 suceolsti,
1304 4324 1363 4366 su⁴
