2798 4838
524 285 753 357 ...2η-

66 419 240 491 Ecclesiae
268 427 471 511 disciplinam
505 430 673 510 insigniter
702 434 847 507 tueatur,
877 429 909 488 in
941 428 1122 490 memoriam
1142 441 1195 489 rc·
1256 503 1258 509 Ι

68 545 165 598 vocat
187 533 283 598 (ilero
308 536 426 597 Curato
448 535 527 596 hanc
550 539 652 615 ipsam
677 533 879 615 disciplinam
911 540 942 594 et
964 535 1122 614 principia
1144 550 1196 596 re·

71 641 254 703 centissimo
276 642 311 703 in
331 641 425 703 Brevi
447 640 498 702 Pii
520 641 604 703 Vlil.
626 639 784 702 inculcata
807 647 839 701 et
861 638 986 702 tradita.
1003 635 1064 711 ⁵²⁵)

173 749 370 828 Quamquam
393 752 498 808 aretem
521 744 702 808 circulares
730 746 790 807 hac
812 743 925 806 literae
947 744 1069 808 Vicarii
1092 745 1195 808 Gnes-

10 850 12 855 ’
66 852 177 912 nensis
209 852 421 914 orthodoxam
447 849 614 916 Ecclesiae
647 849 825 912 doctrinam
857 852 942 914 circa
974 858 1065 912 matr.
1096 852 1193 914 mixta

64 965 305 1038 proponerent:
338 960 412 1038 quia
442 964 545 1020 tamen
575 956 845 1036 acchiepiscopus
873 957 964 1037 prius
991 957 1057 1018 iam
1087 956 1190 1037 Regio

66 1064 255 1125 Ministcrio
279 1062 514 1142 declaraverat,
544 1082 578 1123 se
600 1063 650 1124 ria
670 1060 751 1124 iacti
766 1059 825 1123 ‘nil
846 1062 1011 1142 serscipere
1032 1059 1114 1123 velle
1138 1081 1193 1124 eo·

66 1187 186 1248 nsque,
209 1168 313 1230 donec
333 1189 401 1231 rem
423 1174 522 1230 totum
546 1168 676 1229 'l'hnono
701 1169 802 1248 Regio
825 1172 1062 1247 repraesentet:
1084 1167 1194 1230 eristi-

68 1275 164 1335 mavit
185 1274 270 1337 idem
289 1272 538 1356 Archipraesul,
562 1270 742 1335 circulares
764 1272 840 1336 illas
864 1279 1067 1356 praemature
1088 1266 1194 1336 adimo

74 1379 111 1441 ad
131 1378 260 1482 (ilerum
282 1382 435 1443 Certatum
457 1379 559 1442 inisse
581 1377 747 1441 dimissas:
775 1378 859 1442 unde
882 1378 965 1441 datis
990 1383 1040 1442 10.
1059 1380 1193 1442 Octobr.
1316 1366 1320 1377 ⁸

10 1546 36 1567 ,ι
78 1490 161 1547 1837.
184 1485 226 1548 ad
248 1488 392 1549 Decanos
413 1484 596 1549 Vicariatus
628 1484 824 1548 Gnesnensis
853 1483 977 1564 literis,
1008 1484 1123 1546 iisdem
1146 1486 1193 1547 si·

82 1592 245 1669 guiticavitz
262 1589 444 1653 Circulares
465 1589 576 1652 litera
585 1589 709 1652 Vicarii
730 1589 778 1651 nil
800 1589 928 1669 peridem
949 1589 1013 1653 nisi
1035 1591 1191 1652 sinceram

83 1696 231 1758 licclesiae
255 1716 414 1778 exponere
437 1695 634 1771 doctrinam;
667 1695 795 1757 easdem
827 1702 936 1757 tamen
960 1701 1032 1756 ante
1064 1701 1191 1776 tempus

85 1801 168 1865 adhuc
198 1802 362 1883 expeditas
393 1802 517 1882 irrisae,
548 1803 736 1883 praesertim
768 1803 797 1863 si
829 1800 1042 1882 expendatur,
1073 1799 1189 1863 indeo

85 1910 263 1990 tenporibus
285 1905 549 1970 Praedecessoris
580 1908 631 1970 rui
652 1911 831 1969 Radziusici
860 1904 1062 1987 disciplinam
1084 1904 1190 1986 quoad

86 2015 220 2075 connubia
244 2015 341 2075 mixta
363 1999 426 2074 non
449 2013 567 2093 oririque
590 2021 699 2074 exacte
722 2017 883 2074 servatam·
900 2013 1082 2088 exstitisse3
1107 2012 1190 2075 iiin'c

85 2119 266 2182 circularium
288 2118 413 2182 Vicarii
439 2117 606 2182 literarum
638 2115 889 2199 publicationem
922 2116 1189 2199 suspendendum,

26 2220 37 2317 i
85 2231 106 2284 et
129 2222 273 2287 nonnihil
303 2222 565 2305 praestolandum
597 2243 689 2303 esse,
722 2221 839 2306 donec,
868 2243 903 2285 re
927 2230 994 2289 tota
1017 2223 1058 2286 ad
1080 2225 1189 2286 'Phro-

83 2347 138 2392 uum
159 2333 297 2412 Regium
319 2327 442 2408 delata,
464 2330 538 2393 inde
562 2337 671 2410 optata
694 2328 856 2392 resolutio
874 2327 1049 2392 advenerit.
1060 2327 1122 2402 ⁵²⁶)

546 2542 583 2634 e
614 2545 698 2614 ιιι.

79 2678 414 2755 ΙΙιιιιιιοειιιιιιιΙιι
445 2685 763 2762 Archiepiscopi
782 2686 835 2741 od
855 2651 1014 2751 reegero
1033 2659 1100 2738 dd.
1090 2659 1193 2781 Λα.

469 2777 634 2833 octobr.
655 2779 778 2835 1882
1070 2797 1073 2803 ’
1155 2786 1192 2813 ¹¹

162 2936 396 2999 AMiuisterio
428 2937 531 3019 Regio
570 2935 731 3015 repulsam
768 2955 882 3015 passus
914 2896 1189 3023 Archicpiscopus
1249 2966 1252 2973 ·

80 3032 182 3121 icum,
213 3041 268 3103 dd.
292 3049 343 3104 26.
363 3044 514 3105 Octobris
540 3047 632 3104 1837.
655 3042 806 3103 momenti
835 3037 961 3120 plenam
986 3041 1068 3120 Regi
1097 3040 1191 3123 misit*

78 3133 236 3226 literam,
229 3149 320 3209 cuius
343 3154 560 3227 argumentum
579 3148 731 3208 uberius
728 3167 946 3210 recensemus.
969 3147 1003 3206 ln
1020 3165 1057 3208 ea
1077 3148 1120 3234 a)
1132 3136 1192 3231 ex,

10 3243 12 3250 ’
78 3252 168 3331 ponit,
191 3254 292 3314 Breve
315 3253 671 3317 BenedictinV.
694 3252 736 3316 de
759 3259 810 3316 29.
828 3253 900 3316 lum
925 3257 1017 3314 1748.
1040 3250 1081 3314 ad
1105 3254 1192 3339 lapi«,

10 3994 22 4059 i

76 3368 172 3438 scopos
198 3336 354 3420 Poloniae
387 3358 493 3421 datum
526 3361 627 3421 instar
648 3359 843 3420 conditionis
875 3359 958 3421 sine
952 3379 1060 3442 qua
1056 3379 1126 3425 non
1148 3359 1183 3421 id

74 3461 241 3541 postulans,
273 3468 307 3525 ut
329 3485 403 3545 pars
426 3462 585 3526 catholica
607 3463 740 3526 alteram
761 3471 885 3547 partem
916 3465 949 3525 in
971 3464 1124 3545 peruium
1146 3463 1180 3526 S.
1242 3452 1247 3463 ’

75 3558 171 3631 lintris
202 3568 368 3630 Ecclesiae
396 3568 548 3632 reducere
579 3579 730 3663 cupetur,
771 3577 802 3630 et
833 3567 941 3649 proles
974 3570 1117 3630 rrrriversa
1146 3570 1179 3629 in

73 3665 137 3737 lide
159 3673 327 3736 Catholica
349 3676 520 3738 educetur:
549 3696 606 3758 per
627 3673 747 3737 nullam
770 3674 967 3761 contrariam
983 3673 1093 3759 legem
1123 3676 1180 3736 ab

72 3785 200 3856 rogatum
223 3779 425 3842 hodiedum
415 3801 448 3842 ιιι
464 3802 521 3844 sua
537 3780 778 3845 Archidioecesi
796 3800 826 3840 vr
817 3751 1007 3859 'obligandi
1029 3777 1178 3860 gaudere.

71 3874 98 3952 l)
114 3885 254 3948 erutuet
274 3889 513 3968 repugnantiam
535 3891 620 3949 inter
631 3887 915 3989 constitutionem
936 3884 1178 3951 Benedictinam

71 3999 303 4027 2—-

10 4070 19 4161 i
126 4076 192 4143 525)
211 4078 302 4131 Mon.
321 4080 382 4131 202.
407 4096 468 4147 pag.
443 4080 603 4132 cese-
631 4080 790 4129 tamoiiscie
817 4079 1046 4199 KIrciceuaeitucp.
1073 4061 1177 4130 reruni-

10 4176 17 4251 ξ
94 4170 152 4228 seru
172 4169 263 4223 1838.
281 4185 307 4228 ιι.
328 4170 391 4222 131.
781 4210 783 4215 .
854 4192 856 4196 -
1122 4205 1126 4211 .
1166 4167 1183 4215 :3
1256 4247 1259 4252 Ι

10 4258 15 4295 l
125 4259 192 4326 226)
212 4265 301 4312 Mon.
319 4263 380 4315 203.
400 4278 461 4329 pag.
480 4263 542 4313 282.
561 4290 596 4302 ·-
615 4265 718 4314 Hernici
736 4265 781 4312 des
802 4263 946 4315 Gluubecs
965 4266 1044 4314 Asciu
1043 4263 1177 4377 efferbere.

91 4351 180 4406 1838.
198 4368 252 4411 v·-
245 4351 312 4403 526.
