2798 4838
580 234 733 310 -476
758 271 809 289 -

136 400 230 473 sexus
247 383 280 444 in
297 352 452 465 religione
471 381 637 462 utriusque
657 385 825 462 parentum
843 378 1019 461 educandis
1047 387 1176 462 paetum
1200 381 1253 445 ini·

134 495 205 567 tur,
226 487 441 552 assistentiam
463 488 617 565 praebere
639 487 705 550 sint
735 483 889 567 obligati:
923 508 996 551 cum
1024 492 1121 551 mats.
1152 488 1253 550 huius·

134 593 277 656 modiin
298 593 372 656 istis
394 592 522 655 casibus
552 612 611 671 per
633 611 669 654 se
691 598 757 655 tum
778 589 850 674 iege
883 591 1025 658 naturali
1057 600 1128 657 tum
1158 592 1252 657 diuina

31 779 36 791 Ι
135 697 316 779 prohibita,
345 717 405 760 nec
426 698 587 779 Principis
618 699 830 779 permissione
851 695 941 761 licita
961 697 1058 763 reddi
1085 705 1144 763 aut
1171 696 1253 780 plano

135 822 320 884 quacunque
344 822 382 864 ex
405 800 544 865 utilitate
573 800 625 864 uel
656 804 847 865 necessitate
878 804 1021 886 praecipi
1053 805 1253 883 possint3ir

134 907 360 990 praeadductis
391 909 498 987 itaque
529 909 656 971 casibus
687 909 903 971 assistentiam
930 900 1071 971 Parochi
1101 907 1252 972 Catholici

135 1014 303 1077 connubiis
334 1014 443 1077 mixtis
476 1013 691 1094 denegandam
724 1033 806 1076 esse.
847 1015 884 1088 b)
916 1015 1037 1076 Probat
1069 1013 1160 1076 idem
1182 1015 1253 1076 cora

134 1120 321 1183 sistoriums
343 1119 558 1182 assistentiam
581 1125 673 1182 matr.
695 1120 805 1182 mixtis
826 1119 1171 1201 perl'aroshoscatis.
1191 1124 1253 1181 tunc

134 1222 241 1290 solum
261 1224 408 1305 praeberi
429 1242 539 1307 posse,
560 1223 589 1286 si
611 1225 796 1287 examinatis
819 1224 946 1304 praevie
961 1225 1133 1303 quibusvis
1154 1221 1251 1306 adjus·

134 1331 215 1409 ctis,
238 1332 389 1411 pesteque
411 1320 569 1392 catholica
591 1326 700 1400 debite
730 1330 946 1410 catechinatus,
980 1327 1107 1392 nulium
1139 1348 1253 1412 perses·

135 1436 237 1521 sionis
259 1434 437 1523 periculum
457 1455 517 1517 pso
540 1456 577 1519 ea
598 1435 712 1500 adesse
735 1436 966 1516 compererint,
989 1440 1021 1499 et
1036 1454 1055 1497 a
1072 1439 1172 1517 purte
1189 1433 1253 1495 isac·

135 1524 435 1629 retica‘revjersales
457 1540 498 1605 de
518 1563 581 1605 non
604 1541 813 1626 pervertenda
834 1549 926 1624 parte
947 1538 1132 1618 catholica,
1163 1538 1253 1620 deque

133 1644 279 1730 prolibus
301 1648 465 1735 ,utriusque
497 1666 590 1713 sexus
620 1649 653 1736 in
682 1647 746 1710 fide
770 1645 938 1711 Catholica
970 1645 1153 1709 educandis
1182 1644 1254 1707 obii·
1294 1632 1297 1639 ¹

132 1754 281 1831 uiuerint,
303 1732 550 1839 isculiatemque
572 1753 704 1837 insuper
733 1773 791 1816 scu
813 1754 1085 1835 dispensationem
1120 1752 1160 1814 uis
1183 1749 1254 1813 0ii·

133 1860 185 1922 cio
208 1856 364 1923 Vicariaii
386 1860 576 1941 acceperint.
604 1860 636 1932 c)
660 1859 835 1935 Profitetus,
858 1840 1118 1921 Consistorium:
1148 1855 1189 1920 ad
1209 1876 1254 1919 cs·

134 1983 203 2027 sum
226 1964 306 2026 certi
326 1964 541 2045 perversioris
565 1961 721 2045 periculi,
752 1970 808 2025 aut
828 1971 930 2026 metus
964 1962 1203 2026 educandarum
1228 1961 1255 2023 is

133 2068 261 2131 haeresi
283 2068 441 2150 prolium,
463 2068 515 2132 vel
534 2089 599 2130 non
621 2058 845 2149 praestitorum
866 2068 1074 2133 reverselium
1109 2069 1254 2141 assistes·

134 2174 214 2248 tiam
235 2174 371 2255 Parochi
393 2175 486 2255 ¹cath.
510 2173 660 2255 denegari
683 2173 816 2239 deberes
847 2194 950 2255 neque
971 2194 1031 2257 pes
1053 2175 1122 2238 hoc
1146 2177 1179 2237 iu
1200 2174 1256 2237 lis·

134 2276 469 2361 solutionemRegianu
490 2254 641 2361 impingi,
663 2299 735 2341 cum
756 2300 815 2343 nec
830 2299 1009 2362 supponere
1030 2278 1155 2357 liceat,
1175 2278 1256 2341 Psin-

134 2385 237 2466 cipem
260 2386 292 2447 in
314 2406 349 2448 re
371 2387 542 2452 ministerii
565 2385 648 2448 sacri
663 2387 868 2457 rationemct
893 2384 1077 2449 libertatem
1102 2384 1257 2448 conscicn-

134 2490 199 2554 tiae
220 2497 284 2554 tam
308 2510 407 2571 prope
429 2491 631 2571 contingente
653 2490 836 2561 mandatum
857 2510 974 2573 cogens
1002 2492 1171 2573 parochos
1192 2486 1254 2553 cde·

132 2616 168 2688 re
189 2595 342 2676 uoluisse.
364 2593 426 2670 ⁹²⁰)

616 2768 651 2862 q.
679 2767 765 2838 aaa.

134 2898 217 2961 suu
243 2894 451 2976 resimine
477 2906 638 2965 marlae
675 2905 901 2965 Therasiae
919 2904 1168 2964 rescissum·
1191 2916 1258 2976 prs

133 2997 343 3069 principio
370 2999 576 3055 catholieo
602 2997 650 3057 iss
680 2998 843 3054 coiecto
877 3002 1004 3078 mant.
1033 2998 1257 3056 mixtoru-

137 3091 309 3156 epocha.
327 3093 381 3148 ln
398 3090 669 3148 nrueeestuus
689 3087 970 3157 strigoniensi
988 3096 1033 3146 et
1052 3088 1257 3161 weszpri·

133 3177 286 3236 miens!
324 3185 485 3239 statuta
524 3187 675 3239 contu-ss
715 3182 1004 3252 promiscuam
1056 3183 1253 3240 ossism-

133 3268 258 3339 mon,
274 3271 321 3328 iss
339 3274 536 3344 susp-siu
566 3274 856 3331 iuramentum
876 3274 928 3329 ste
945 3273 1142 3344 pronum
1161 3275 1250 3332 edu·

336 3367 500 3424 catione
513 3367 721 3424 catholicus
739 3365 850 3435 exigi
867 3366 1049 3424 iussum.

214 3520 300 3605 'Sus
322 3501 475 3625 regimine
499 3549 659 3611 Mariae
681 3504 920 3610 Thesesiae
948 3543 1098 3627 glorioso
1133 3568 1173 3610 ac
1194 3545 1252 3607 dis·

133 3654 225 3710 turno
246 3651 403 3733 principia
433 3653 591 3718 catholica
622 3652 662 3715 de
692 3659 784 3717 matr.
815 3653 922 3715 mixtis
952 3649 1131 3716 Praesules
1164 3647 1252 3732 Regni

137 3831 381 3850 *fl*

204 3936 272 4004 920)
290 3945 377 3998 Mon.
396 3948 456 3999 274.
475 3965 537 4017 pag.
557 3948 618 4001 437.
635 3977 672 3988 -
689 3950 730 3999 Ex
748 3947 891 4000 'l'abulssio
910 3948 943 3998 Ι).
971 3948 1115 4009 Auriensis
1134 3952 1249 3999 consiste

170 4029 295 4092 plurimas
319 4042 475 4091 reverssies
500 4043 532 4093 de
557 4040 679 4105 prolibus
707 4042 849 4103 utriusque
885 4053 966 4091 sexus
986 4038 1125 4092 catholice
1145 4043 1250 4091 edncsu·

170 4123 228 4187 dis,
245 4127 332 4180 nuiias
352 4144 435 4193 vero,
465 4146 532 4192 quac
559 4133 721 4184 divisionem
747 4135 901 4184 esrumdem
919 4134 1070 4183 seeundum
1097 4146 1191 4182 sexum
1208 4141 1249 4179 scs

168 4227 200 4267 οι
217 4227 343 4283 respectu
364 4224 506 4283 poteststis
533 4225 635 4288 patriae
655 4227 716 4276 sive
734 4223 814 4275 sliam
834 4229 867 4276 ob
886 4239 996 4275 causam
1015 4225 1182 4275 statuissent
1189 4261 1198 4288 ,
1212 4224 1251 4271 ds·

169 4309 611 4376 “smissesidquedesiiisctism
619 4317 1247 4385 Diesccsiousiieguiindubisststusnduncst
