2798 4838
602 262 830 335 ..535-

264 413 337 473 tot.
367 409 494 492 asper
524 407 715 490 (ipim,
757 403 890 488 cyatica
922 390 1120 486 'ticjtcpetcsclc
1147 409 1292 470 marioni

157 511 369 594 mataiqecre
386 513 496 578 oc'zoc.
524 519 649 577 Pescen.
677 519 779 578 1841.
801 509 877 588 ¹⁰'¹⁶)
919 513 1013 575 Prior
1034 514 1145 575 barum
1168 511 1291 594 disqui-

131 622 314 684 ¹sitionum
336 620 478 683 continet
500 639 623 684 sacrum
648 638 823 681 sermonem
846 641 865 681 a
885 617 1038 680 celeberr.
1054 620 1196 682 Auctore
1218 619 1290 699 ipso

158 729 260 790 Festo
291 727 549 789 ResurrectionIs
591 726 719 788 Domini
748 745 776 788 a.
797 728 888 789 1841.
919 742 1015 805 super
1047 743 1086 786 eo
1126 707 1290 786 habitumc

159 832 246 912 quod
269 830 416 894 Ecclesia
440 829 607 893 Catholica
639 809 836 912 gravissimis
867 850 905 892 cx
936 829 1041 892 causis
1071 831 1103 891 in
1125 827 1290 891 nonnullis

159 940 291 1001 casibus
313 939 421 1015 mixtis
440 937 649 999 matrimoniis
672 935 927 1000 benedictionem
944 934 1087 1017 impendi
1106 937 1290 1016 prohibeat,

158 1050 192 1106 et
213 1041 487 1125 expostulationes
510 1045 550 1104 ob
573 1043 608 1105 id
629 1042 733 1104 factae
755 1032 888 1125 prorsus
911 1041 1098 1104 infundatae
1121 1042 1195 1104 sint.
1224 1042 1289 1104 (iu-

157 1148 302 1212 iusmodi
323 1149 430 1210 thema
450 1147 558 1227 reipsa
580 1150 709 1229 egregie
731 1154 906 1230 pertractat
927 1148 1062 1212 doctiss.
1085 1149 1218 1228 Auctor,
1239 1148 1290 1209 ia·

157 1257 286 1337 signem
317 1252 358 1316 ad
388 1273 445 1315 cor
466 1253 697 1315 catholicarum
726 1274 915 1337 sponsarum
946 1253 1175 1316 allocutionem
1207 1252 1295 1315 diri--

156 1380 257 1443 gens:
281 1366 316 1421 ut
338 1359 489 1438 credant,
512 1379 565 1438 se,
588 1360 652 1421 nisi
675 1358 772 1422 fldem
794 1379 883 1422 suam
904 1379 1022 1442 negare
1051 1362 1179 1438 ausint,
1211 1377 1287 1422 con·

157 1468 282 1530 sentire
303 1462 392 1528 nullo
416 1464 512 1527 modo
544 1466 575 1526 in
606 1464 642 1527 id
672 1485 791 1548 posse,
813 1485 874 1545 qino
898 1465 948 1528 vel
969 1486 1031 1528 una
1052 1464 1191 1547 prolium
1215 1485 1289 1528 sua-

157 1591 231 1635 rum
253 1590 328 1653 pars
351 1573 384 1632 in
407 1571 611 1634 confessione
634 1570 874 1634 non-catholica
897 1570 1059 1634 educetur.

262 1679 336 1739 428.
361 1673 541 1756 Tircc'opca
562 1674 595 1739 c'a
614 1682 758 1756 potitiiai
778 1674 935 1756 oizapciiat
954 1683 1105 1757 a'ccppca
1126 1671 1287 1739 bo'aaaed·

155 1789 219 1862 pois
250 1779 391 1862 appiaco
420 1767 615 1843 benactica
642 1779 767 1858 sentiani
793 1781 933 1861 icqijaoo
965 1778 1150 1845 icrdcaclcrc
1177 1779 1288 1866 nc'zoc,

153 1893 285 1967 mcitpci
308 1892 460 1965 pelicibus
487 1884 521 1948 e‘a
543 1885 678 1966 eypbdzi
704 1886 820 1964 idolicis
850 1883 1082 1951 boazooiicco‘rc
1108 1888 1290 1967 tdljcyyzctt

154 2014 216 2075 epp
239 1994 357 2067 ccccc.-
380 1988 506 2054 Badio.
524 1997 625 2054 1841.
642 1995 762 2085 'obtutu
779 1995 864 2076 juris
881 1991 1038 2055 naturalis
1053 1991 1287 2055 benedictionis

154 2099 403 2180 denegationem
426 2116 489 2158 non
513 2117 585 2160 esse
607 2092 869 2178 impedimentum
899 2105 990 2163 matr.
1011 2099 1181 2160 mix-torum
1212 2117 1286 2160 ceu-

115 2191 121 2210 ¹
154 2208 363 2282 set3‘obtntu
384 2222 458 2265 nero
480 2203 616 2284 politico
639 2203 805 2286 complura
834 2204 948 2267 domun
978 2225 1015 2267 ex
1036 2204 1152 2269 iisdem
1175 2205 1287 2266 matri-

158 2311 277 2372 moniis
300 2309 490 2373 resultantia
514 2310 649 2391 evolvit,
672 2313 864 2393 praeprimis
886 2311 1188 2374 indifferentismum
1209 2307 1286 2372 reli-

160 2417 283 2497 giosum
306 2423 371 2478 tam
401 2419 434 2479 in
458 2420 668 2499 coniugibus,
693 2437 787 2497 quam
818 2418 985 2499 prolibus;
1018 2420 1127 2503 sicque
1157 2414 1287 2478 conclu·

157 2522 225 2586 dit:
249 2524 396 2586 Civitatis
418 2525 595 2603 interesse,
627 2529 663 2584 ut
684 2523 864 2586 Ecclesiam
893 2531 1019 2586 tueatur
1051 2525 1159 2604 potius
1192 2540 1286 2602 quam

155 2631 188 2693 ei
209 2629 419 2691 contradicat.

260 2739 332 2796 429.
372 2730 516 2814 Sacre'ctp
556 2730 770 2795 catic'lccztcic'a
807 2737 837 2793 a’
862 2729 1006 2795 baiadda'
1045 2728 1283 2820 icipciecidibcz.

154 2844 286 2903 Pcaicn.¹
298 2844 400 2902 1841.
422 2841 521 2902 bonae
545 2841 685 2901 continet
706 2839 894 2900 reflexiones
916 2837 1069 2900 adversus
1092 2835 1207 2918 agendi
1228 2856 1281 2899 ra·
1319 2863 1321 2868 ·

153 2947 274 3010 tionem
297 2948 504 3009 comitatuum
529 2946 561 3006 in
587 2947 701 3007 merito
724 2951 816 3006 matr.
839 2945 1020 3006 mixtorum.

260 3057 333 3114 430.
364 3054 533 3132 Bobory
561 3049 754 3131 Karoly‚·
774 3055 833 3111 mit
861 3053 1069 3112 tartaacbad
1099 3052 1225 3110 uzeticae
1252 3044 1287 3108 c'e

153 3154 337 3222 tmmdazcti
350 3160 409 3236 joy
431 3162 462 3218 α’
479 3177 591 3238 ocppca
617 3155 824 3234 cccccccccc·
852 3152 1017 3234 iippe'bco‘i
1040 3160 1162 3217 Pescen.
1180 3158 1283 3216 1841.

155 3284 216 3344 pro
249 3264 434 3325 defensioue
465 3284 601 3346 praxeos
640 3282 695 3343 per
726 3259 897 3323 l’raesules
926 3262 1030 3341 Regni
1061 3262 1282 3322 receutIssime

152 3370 353 3432 introductae
378 3378 562 3449 argumenta
586 3389 623 3431 ex
646 3371 768 3431 ratione
792 3387 828 3428 ao
851 3371 920 3429 inre
943 3365 1081 3428 naturali
1103 3365 1238 3446 profert.

257 3481 335 3537 431..
354 3474 481 3536 'l'itue
505 3473 689 3551 Maluit,
721 3473 948 3534 Benedictinus
971 3473 1176 3549 Pannonius,
1206 3475 1284 3547 quid

155 3587 256 3644 eeneii
290 3601 428 3660 semper,
461 3599 498 3641 cc
534 3583 631 3641 acniit
660 3597 747 3638 oceane
774 3597 900 3654 quoquc
932 3581 1076 3638 Ecclesia
1107 3582 1146 3637 dc
1171 3579 1283 3636 mincia

153 3687 388 3752 matrimoniis?
427 3691 521 3748 item:
552 3703 596 3746 oo
625 3680 851 3745 mucamitem
884 3687 952 3742 aine
976 3685 1159 3743 discrimine
1185 3684 1283 3741 icoc-

154 3798 219 3856 dici
246 3794 390 3871 possint?
425 3795 586 3855 Fascicuii
614 3792 1016 3869 Ecclesiastico-Litcrcrii.
1055 3790 1158 3848 1841.
1192 3789 1227 3847 Τ.
1253 3789 1282 3848 Ι.

152 3904 389 3977 aboi-355.
414 3897 592 3960 doctrinam
614 3893 781 3957 Ecclesiae
804 3895 890 3956 circa
913 3899 1003 3954 matr.
1027 3891 1124 3953 mixta
1156 3909 1283 3972 semper

155 4025 215 4086 pro
237 4003 363 4065 illicitis
385 3980 515 4082 habita,
544 4020 603 4064 nec
624 4001 688 4062 nisi
719 4002 778 4061 sub
803 3999 902 4062 certis
927 3997 1164 4061 conditionibus
1187 3999 1283 4057 bene-

155 4193 403 4212 Ἤ

230 4321 312 4385 1076)
333 4328 364 4374 ei.
384 4319 428 4387 p-i.
449 4323 528 4373 buius
547 4321 638 4372 Nrum.
664 4318 723 4370 397.
