2798 4838
678 311 729 366 -.
756 273 909 343 ees-

232 429 299 481 tum
323 400 576 496 matrimonium,
600 417 711 497 sicque
731 414 783 479 lex
805 416 961 495 violetur;
993 439 1066 481 nam
1096 438 1163 480 non
1187 421 1266 481 bene
1296 420 1354 483 ior·

230 527 310 586 mari
332 524 579 606 disjunctionem
596 522 738 586 ostendit
755 524 892 586 Auctor:
915 542 986 586 cum
1008 527 1153 606 supersit
1175 525 1280 586 adhuc
1297 536 1352 589 ter-

229 633 329 711 tium,
353 629 502 690 nimirum
526 631 652 709 passiva
674 629 808 709 parochi
830 631 1034 715 assistentia,
1061 650 1100 692 ac
1121 633 1217 712 proin
1251 630 1309 694 tali
1328 635 1352 693 in

230 757 306 800 casu
326 757 390 797 non
413 733 567 814 impediri
589 733 776 814 denegando
800 734 1075 811 benedictionem
1098 735 1160 799 sed
1173 738 1286 816 potius
1307 756 1352 818 per

229 843 265 904 id
287 841 466 924 promoveri
488 845 579 903 matr.
602 841 754 918 mixtum,
786 838 873 919 qnod
893 841 925 901 in
947 843 1128 922 praesentia
1151 843 1292 922 parochi
1311 862 1351 904 re·

226 950 299 1029 ipsa
323 945 604 1021 contrahatu13in
627 943 752 1024 reliquo
774 943 878 1026 legem
901 948 975 1007 anni
1001 943 1129 1022 179‘½.'
1148 945 1190 1010 de
1213 949 1349 1029 positivis

229 1053 335 1116 solum
357 1049 594 1132 impedimentis
616 1070 712 1132 posse
733 1049 891 1131 intelligi,
914 1072 984 1113 cum
1007 1053 1153 1133 negative
1175 1072 1237 1116 seu
1260 1075 1349 1116 mora·

226 1159 303 1221 liter
326 1175 452 1238 semper
475 1157 630 1238 impedire
656 1157 791 1219 debcant
813 1157 925 1234 Cureti
947 1160 1044 1221 mixta
1068 1160 1254 1238 connubia,
1285 1179 1348 1241 qnae

228 1267 349 1345 quippe
372 1261 520 1324 Ecclesia
542 1265 691 1324 universa
714 1269 897 1325 constanter
917 1266 1080 1342 reprobat.

329 1373 405 1438 416.
427 1371 499 1429 417.
530 1369 699 1448 Berger
720 1368 870 1446 linos,
900 1366 1013 1431 lerdis
1040 1367 1227 1444 eaffileiet:
1258 1372 1350 1448 veiim

226 1494 311 1539 ozon
341 1465 577 1556 intdzicddacie,
596 1454 783 1536 ‘mezecius
810 1471 944 1554 nemellp
976 1472 1172 1554 Vdrmepyc'le
1204 1467 1237 1538 a*
1254 1495 1350 1556 ccypcs

223 1575 482 1658 idzoaaeipoiendi
500 1575 623 1640 ezebon
638 1595 640 1599 ’
653 1575 722 1640 le'cd
748 1576 1052 1658 diddensepcugodcis'
1074 1576 1352 1660 ervenptetemc'pei

224 1681 430 1765 scorpaenae
445 1681 524 1746 dicul
540 1682 699 1762 a’ee‘pceie
716 1685 894 1762 mcplijceni
903 1727 913 1764 ,
937 1677 963 1746 'a
980 1695 1038 1748 aut
1056 1669 1249 1764 e’pontoaie
1269 1689 1351 1763 felci·

232 1790 390 1871 ciqoeitom‘
403 1786 782 1869 rencele'e,turce'ayesee
796 1794 1071 1873 c',ud13‹iaelsoopy
1085 1787 1350 1855 ledroelro'eetkez-

224 1894 438 1976 mc'eyitciec'i
457 1890 659 1956 Tdraolteodd.
680 1898 783 1956 1841.
798 1899 937 1958 Ννολθ.
952 1891 1028 1968 ¹⁰⁷⁴)
1047 1901 1114 1957 tum
1133 1894 1351 1977 illegalitates

224 2010 290 2064 tum
309 1999 506 2083 periculosas
526 1997 673 2080 sequela·
688 1998 964 2062 determinationis
983 2002 1208 2065 comitatuum
1230 2004 1351 2067 nonnul·

225 2107 331 2168 lorum
349 2104 616 2186 depublicatione
638 2107 814 2166 sententiae
831 2125 889 2186 per
907 2085 1036 2169 eosdem
1045 2108 1233 2172 Comitatus
1254 2111 1351 2173 adver·
1370 2107 1375 2116 ’

224 2234 279 2275 sus
290 2210 480 2292 Encyclieas
490 2210 680 2272 Praesuleas
692 2216 724 2271 et
732 2211 892 2290 passivam
903 2212 1123 2275 Parecborum
1139 2218 1351 2279 assistentiam

224 2309 470 2401 perlataeiuene
492 2296 659 2397 proponit:
688 2317 721 2377 in
744 2335 902 2396 anonymo
925 2324 1055 2380 auctore
1086 2323 1246 2387 articuli:
1277 2307 1352 2388 riez·

221 2420 384 2488 rece'telelc
397 2428 514 2501 Perper
530 2410 635 2482 Jc'ccc
650 2418 763 2483 cercida
783 2417 817 2482 c'a
835 2420 1002 2495 r'elclcterc.
1028 2409 1242 2491 carcaram.
1262 2434 1350 2493 1841.

99 2536 102 2548 “
220 2524 297 2592 Nro.
314 2537 367 2590 33.
391 2527 608 2590 adversarium
631 2527 760 2606 quidem
787 2535 920 2611 nactus,
950 2529 1008 2590 sed
1035 2544 1234 2611 argumenta
1264 2535 1348 2599 realia

221 2654 419 2716 nequaquam
442 2635 673 2697 obmanentem.

324 2739 401 2800 418:
430 2737 619 2818 Szegedi
647 2735 782 2820 Kilit,
813 2744 843 2799 o’
867 2742 1027 2801 ictboista
1054 2742 1195 2822 epyadz’
1216 2753 1345 2825 pbiloso-

218 2846 328 2927 plctcijo
359 2851 393 2906 a*
411 2864 523 2922 oepyec
549 2840 740 2918 bdzaec'poie'
770 2840 919 2922 appeten.
950 2842 1098 2923 Epylsdzc'
1130 2850 1344 2915 Pandemos.

219 2957 321 3017 1841.
345 2957 422 3010 Nr0.
432 2955 486 3010 17.
510 2951 543 3009 in
566 2947 787 3009 defensionem
810 2948 998 3012 Praesulum
1027 2952 1061 3014 id
1084 2957 1238 3038 profert,
1262 2957 1346 3040 quod,

220 3079 318 3140 quum
342 3056 473 3137 sponsio
497 3057 563 3116 sive
595 3057 701 3115 cautio
733 3054 773 3114 de
803 3053 959 3117 catholica
991 3056 1189 3143 educatione
1221 3065 1346 3146 prolium

219 3167 263 3227 sit
284 3164 385 3223 instar
407 3159 583 3221 medicinae
605 3159 646 3220 ad
678 3159 850 3220 sanandum
873 3160 985 3223 vulnus
1013 3161 1080 3243 legi
1113 3167 1346 3233 ecclesiasticae

217 3275 310 3331 matr.
335 3266 431 3328 mixta
455 3266 617 3326 damnanti
638 3265 813 3344 inflictum,
836 3265 1016 3329 benedictio
1047 3275 1184 3335 nonnisi
1220 3295 1345 3356 eousque

111 3396 115 3411 s
216 3377 251 3437 in
274 3392 367 3434 usum
389 3370 506 3431 deduci
528 3371 672 3448 potuerit
693 3371 727 3430 in
746 3371 927 3454 ilungaria,
949 3374 1060 3436 donec·
1079 3378 1277 3444 Reversales
1297 3399 1344 3443 sen

216 3481 379 3543 cautiones
405 3475 563 3536 eiusmodi
586 3474 679 3536 datae
701 3495 758 3555 per
780 3478 933 3557 coniuges
956 3479 1104 3543 fuerant:
1138 3506 1231 3549 nunc
1252 3495 1341 3550 auten

214 3581 440 3649 Reversalibus
465 3581 594 3642 sufferri
616 3581 824 3660 projectam,
855 3584 975 3646 iustum
1005 3606 1098 3664 esse,
1132 3600 1173 3652 ut
1200 3593 1342 3675 Episcopi

213 3710 337 3770 qnoque
359 3686 615 3748 benedictionem
637 3685 812 3767 denegent:
836 3689 945 3767 sicque
967 3691 1102 3756 actionis
1128 3716 1193 3777 per
1215 3699 1338 3763 Jnrisdi·

213 3796 345 3857 etiones‘
360 3793 576 3854 comitatuum
598 3798 710 3853 contra
741 3794 804 3853 vim
825 3787 908 3874 legis
930 3799 1004 3857 anni
1029 3797 1149 3876 1⁷9⁰l1.
1173 3803 1334 3869 reversaics

213 3888 410 3985 nequaquam
440 3895 642 3976 prohibentis
671 3903 795 3959 erectae
833 3903 1066 3966 consectarium
1104 3927 1184 3972 esse
1216 3912 1337 3976 reactio·

212 4025 284 4075 nem
307 4009 456 4080 exparte
479 3999 666 4079 Ecclesiae,
697 4004 815 4084 qnippe
845 4000 1338 4092 denegatambenedictionem

211 4113 312 4191 deque
334 4109 367 4169 in
391 4127 449 4185 eo,
472 4107 558 4186 sluod
580 4106 763 4170 benedictio
791 4095 985 4193 denegetur,
1009 4114 1068 4177 sed
1093 4124 1211 4202 potius
1234 4127 1267 4188 in
1285 4125 1336 4186 boc

214 4259 460 4279 „at—⁸¹¹-

281 4326 363 4391 1074)
394 4326 494 4377 Prodiit
514 4340 619 4388 titioque
638 4329 683 4378 in:
703 4327 825 4392 &citici
845 4329 1017 4387 Pcdoaitdaolr
1035 4335 1129 4393 issi.
1151 4348 1205 4397 No.
1226 4345 1268 4397 ia.
