2798 4838
590 256 794 329 „ffl-

128 414 219 469 rero'
235 404 267 467 S.
291 404 556 485 congregationis
587 410 698 464 contra
736 401 875 465 valorem
904 402 1086 466 eorumdem
1122 401 1164 465 ad
1194 399 1250 465 illa

130 502 276 591 tempora
300 512 365 573 sint
384 507 570 586 referenda,
603 510 717 589 qulbus
741 509 925 571 Catholicus
957 511 1026 571 lien
1046 507 1161 589 Belgio
1195 507 1252 569 tlo-¹

21 626 23 633 '
129 619 325 691 mlnabatura
363 616 561 679 matrimonia
593 620 698 676 erotem
730 616 827 677 mixta
861 612 977 677 illicite
1009 614 1160 696 quidem,
1198 613 1254 676 sed

129 720 234 785 valida
264 723 411 784 contrahi
440 722 574 798 statuit,
608 719 705 802 idqu'e
733 720 827 800 ideo,
857 721 963 801 quod,
995 723 1023 783 ι1
1051 720 1253 784 matrimonia

128 829 212 891 iuter
233 828 415 890 haereticos
438 824 543 889 valida
566 827 648 904 sint,
678 825 757 888 talia
780 846 850 888 esse
873 826 1010 889 debeant
1039 829 1136 889 etlam
1153 827 1253 888 ineo

129 942 226 1013 cmo,
255 952 319 1013 quo
348 930 449 994 altera
476 951 551 1013 pars
581 939 631 994 est
651 929 829 1011 catholica,
860 939 928 994 tum
949 952 988 995 cx
1008 932 1264 1010 consuetudine·

131 1045 199 1104 inm
222 1034 616 1120 en'plurlnm'lioctorum
639 1040 807 1101 sententia.
830 1031 890 1112 ¹¹⁴⁰)

202 1156 206 1165 '
232 1143 355 1225 Quodsi
375 1144 438 1206 iam
457 1145 630 1206 Doctorum
651 1144 766 1205 horum
788 1145 963 1207 sententias
981 1144 1163 1206 combinare
1186 1140 1254 1222 pla·

129 1256 198 1329 cet,
220 1257 373 1330 apparet,
394 1250 427 1310 ln
450 1268 489 1310 eo
512 1269 620 1311 ornnes
643 1251 846 1329 convenisse,
869 1249 956 1329 quood
978 1251 1183 1313 matrimonia
1205 1251 1252 1311 in-

128 1363 180 1418 ter
200 1354 282 1417 duos
305 1356 456 1434 coniuges
477 1355 657 1416 haereticos
681 1357 750 1416 sinc
773 1357 907 1436 parochi
928 1353 1081 1417 catholici
1102 1374 1255 1436 praesen·

131 1461 177 1524 tia
199 1461 236 1524 in
250 1458 365 1541 Belgio
390 1466 549 1522 contracta
574 1459 680 1523 valida
704 1463 790 1537 sint3
809 1459 898 1524 iicet
920 1482 985 1523 uon
1005 1480 1116 1523 omnes
1140 1458 1250 1521 eodem

129 1565 225 1629 modo
249 1567 566 1647 'suam'probarerint
593 1567 801 1642 sententiam,
833 1586 904 1629 nam
933 1566 1073 1646 quidam
1094 1566 1255 1628 existima-

128 1677 224 1750 runt,
257 1673 429 1734 universim
456 1670 570 1734 deesse
599 1678 719 1733 certum
749 1692 786 1733 ac
808 1673 1011 1754 perspicuum
1043 1691 1141 1750 super
1164 1671 1255 1734 asold-

128 1778 227 1841 clentl
256 1775 511 1857 promulgatione
552 1775 673 1838 decretl
704 1777 891 1860 Tridentini
921 1775 1256 1853 documentom3a1il

129 1889 234 1947 autem
261 1881 512 1962 publicationem
537 1880 677 1944 Concilii
710 1902 769 1964 pro
794 1883 972 1946 Catholicis
1002 1883 1106 1946 solnm
1137 1883 1283 1946 iactam⁴

130 1988 233 2051 luisse
256 1989 447 2066 censebant,
469 1989 650 2050 haereticos
672 2006 746 2050 vero
770 1997 845 2069 post
866 1997 995 2052 exortos
1017 1998 1123 2050 motus
1147 1986 1257 2051 civiles

42 2126 44 2132 s
128 2096 164 2157 iu
186 2090 301 2174 Belgio
324 2091 452 2155 decreto
477 2093 614 2156 Concilii
639 2096 797 2175 obstringi
817 2115 883 2156 nou
905 2098 1068 2174 putruisse,
1098 2094 1199 2175 idque
1222 2112 1258 2155 eo

131 2201 257 2277 minus,
279 2199 354 2278 qnia
372 2196 552 2263 Concilium
574 2200 694 2284 voluit,
716 2206 752 2262 ut
770 2201 931 2262 decretum
951 2221 1042 2262 sorum
1061 2201 1167 2280 primo
1188 2204 1259 2281 post

58 2369 70 2375 ,
131 2298 267 2385 triginta·
296 2304 365 2367 dies
394 2325 413 2367 a
443 2304 527 2367 facta
567 2309 613 2368 ln·
630 2303 767 2387 singulis
804 2307 966 2386 parochiis
1001 2296 1259 2388 promulgatione

47 2453 51 2458 -
132 2408 264 2491 obliget.
308 2411 404 2473 Girca
426 2413 626 2474 matrimonia
648 2431 742 2490 vero,
771 2431 851 2490 quae
873 2412 906 2473 in
924 2409 1042 2492 ¹Belgio
1069 2412 1158 2474 iuter
1185 2413 1256 2474 hac-

131 2517 252 2579 retlcoa
282 2535 320 2577 ex
342 2535 403 2577 una
425 2524 457 2578 et
486 2514 671 2578 catholicos·
698 2536 736 2578 ex
764 2514 864 2579 altera
896 2524 986 2596 parte
1001 2517 1253 2593 contrahuntur,

133 2623 309 2685 Doctorum
332 2618 566 2683 antedictorum
588 2620 742 2684 nonmrlli
751 2623 953 2703 iudicabant,
977 2616 1013 2684 ea
1029 2624 1151 2703 absqtre
1168 2640 1259 2704 preo-

133 2729 236 2791 seutia
257 2727 392 2808 parochi
423 2724 576 2790 catholici
605 2730 696 2790 irrita
725 2727 816 2806 iore,
850 2728 907 2791 alil
937 2734 1041 2851 antem
1069 2744 1261 2807 procorum

135 2833 301 2897 validitate
325 2834 515 2912 pugnabant

638 3004 761 3097 §.so

133 3141 299 3201 neeisio
340 3142 601 3213 qrrsesttorris
636 3147 933 3202 controversae
968 3159 995 3200 ιι
1032 3086 1262 3215 mucii&

162 3235 269 3293 xlv
285 3235 333 3292 in
350 3234 508 3298 celebri
523 3236 818 3294 necteremus
837 3238 908 3294 riri
926 3241 966 3295 4
984 3237 1085 3297 Nor
1103 3239 1262 3305 mis.
1292 3240 1296 3247 '

236 3395 387 3460 Virorum
410 3393 553 3462 doctriua
584 3397 833 3478 praestantium,
864 3414 944 3475 qrros
968 3395 1114 3476 superius
1133 3372 1260 3458 laurla·

134 3503 257 3579 vimus,
296 3498 602 3580 consultationibus,
643 3508 674 3563 ct
705 3503 949 3582 opinionibus
939 3522 972 3562 ιιι
987 3476 1261 3593 Congrega‘tionc

135 3604 354 3670 cardinalium
375 3626 483 3677 coram
504 3627 539 3669 se
562 3607 613 3668 die
638 3612 687 3669 13.
705 3607 785 3668 Maii
813 3611 904 3668 1741.
929 3607 1039 3669 habita
1067 3604 1119 3668 ad
1131 3625 1260 3677 examen

133 3711 311 3790 revocatis,
333 3709 527 3792 aliorumque
546 3711 784 3794 Theologorum
807 3713 974 3774 sententiis
999 3680 1262 3807 discussis,tan·

135 3814 208 3880 dem
239 3814 293 3880 dd.
318 3817 440 3879 4.Nor
473 3816 616 3880 eiusdem
645 3820 719 3880 anni
749 3821 842 3881 1741.
877 3795 1260 3913 benedictulell

135 3920 336 3984 memorabili
359 3915 456 3983 edita
464 3921 805 3985 Declaratlone
797 3944 843 3986 ac
865 3894 1197 4002 Instructlone‚
1202 3916 1260 3985 in·

138 4034 205 4091 star
225 4046 356 4088 normae
386 4026 504 4089 futuris
532 4031 727 4110 temporibus
765 4027 930 4107 habenda,
964 4029 1185 4109 quaestionem
1209 4026 1253 4091 do

137 4133 348 4197 matrimoniis
370 4132 406 4193 lu
427 4132 540 4215 Belgio
563 4154 711 4216 supremo
734 4154 792 4197 suo
815 4133 936 4197 decidit
958 4131 1105 4199 oraculo·
1130 4180 1134 4189 .
1165 4156 1188 4195 ·:'

146 4249 392 4272 ..ὼ-

207 4323 636 4391 mmmwmm
