2782 4830
518 206 813 331 :uz-

130 403 183 467 nis
205 401 351 466 exerciti!
372 402 504 466 obortae
527 410 601 466 sunt
622 402 879 482 controversiae,
898 398 1079 471 catholicis
1093 405 1264 484 occupatos

131 511 192 572 sub
215 510 403 590 praeteritis
426 511 566 572 motibus
589 506 776 590 Ecclesias,
807 515 864 573 aut
883 529 942 591 per
962 509 1086 590 priores
1116 507 1264 571 domines
1383 542 1385 546 ·

128 621 304 677 terrestres
327 613 523 676 acatholicos
546 621 716 695 praetenso
739 614 853 677 hocin
875 599 1030 678 raetiam
1058 615 1130 677 iure
1160 612 1263 676 donsi-

129 720 177 782 nii
200 718 398 782 terrestralis
422 739 497 781 suae
520 720 743 783 confessionis
765 720 948 783 hominibus
970 720 1139 784 attributas
1168 720 1263 781 reha-

129 827 209 888 bere
232 824 433 904 volentibus,
457 833 551 907 atque
573 825 705 888 cuilibet
725 827 760 887 in
780 832 850 890 soie
869 835 995 890 tantum
1016 829 1106 888 doute
1125 823 1263 889 litterum

128 929 300 1012 religionis
324 933 507 994 exercitium
536 931 711 994 admissum
742 951 833 1010 esse,
865 931 1092 996 asserentibus.
1122 929 1174 994 Ad
1204 930 1264 992 has

130 1038 368 1119 controversias
391 1037 589 1125 definiendas
619 1039 786 1119 suthsequis
816 1039 909 1100 annis
936 1039 996 1100 sols
1027 1037 1177 1100 conitus
1198 1036 1264 1099 lta

130 1145 208 1224 gni,
238 1143 440 1223 potissimum
469 1141 509 1203 de
540 1163 622 1204 anno
650 1147 742 1204 1647.
770 1149 847 1220 post
874 1143 1024 1224 sedatos,
1052 1143 1107 1225 qui
1136 1161 1264 1207 rursum
1375 1204 1377 1209 s

129 1249 192 1311 sub
224 1232 361 1311 obtentu
387 1267 513 1329 quoque
543 1247 710 1328 religionis
742 1250 871 1311 excitati
898 1255 1008 1327 erant,
1045 1245 1266 1312 Rsitedezieoos

130 1357 259 1433 motus,
280 1353 361 1416 varii
383 1353 506 1415 conditi
528 1361 602 1415 sunt
624 1351 778 1416 Articuli:
808 1352 961 1417 videlicet
991 1353 1032 1417 de
1058 1352 1162 1417 lilrero
1184 1362 1264 1417 tem·

118 1445 280 1539 plorum,
303 1478 544 1540 campanarum,
567 1466 598 1519 et
620 1456 804 1540 sepulturae
827 1480 907 1536 usu3
936 1478 1031 1541 porro
1054 1465 1203 1538 cautum,
1225 1479 1265 1521 ne
1289 1461 1293 1473 '

131 1564 257 1627 domini
279 1570 449 1626 terrestres
471 1566 540 1626 iure
570 1583 628 1626 suo
652 1563 786 1626 dominii
816 1562 1011 1628 terrestralis
1038 1565 1073 1629 lu
1094 1565 1190 1628 rebus
1211 1584 1264 1627 re·

130 1667 267 1751 ligionis
290 1672 481 1748 abutantur,
503 1669 749 1750 neRvangelicl
765 1672 895 1751 opifices
918 1670 959 1732 ad
970 1670 1165 1732 ceremonias
1188 1667 1265 1732 rau·

131 1768 229 1856 gioni'
246 1796 321 1838 suae
344 1776 520 1841 contrarias
544 1776 760 1854 stringantur,
784 1784 818 1837 ut
839 1777 924 1837 circa
943 1773 1190 1838 matrimonialia
1207 1794 1265 1838 ne·

129 1883 220 1962 gotia
241 1881 274 1942 in
296 1900 356 1942 usu
377 1887 532 1943 eonsueto
564 1901 677 1960 omnes,
704 1888 926 1960 permaneant,
961 1880 1082 1962 templa
1111 1886 1265 1962 occupata

130 1989 362 2062 restituantur,
383 1989 416 2048 in
439 1985 587 2048 filialium
610 2006 670 2048 usu
686 1987 906 2049 Prot'estantcs
927 1986 1168 2068 relinquantur,
1188 2007 1265 2069 pro·

131 2099 309 2173 ventusque
330 2091 532 2172 parochiales
555 2095 587 2154 iu
610 2093 662 2155 his
685 2093 839 2154 ministris
862 2095 1006 2174 ipsorum
1021 2092 1172 2172 cedant,
1203 2097 1264 2157 etc.

131 2197 254 2263 Verum
282 2204 393 2279 postea
422 2205 575 2278 regnante
606 2202 784 2276 Leopotdo,
814 2218 885 2260 cum
915 2197 1044 2278 Religio
1077 2196 1263 2264 Orthodoxa

132 2306 255 2368 maiora
274 2306 308 2371 tn
333 2304 402 2366 dies
424 2305 619 2366 incrementa
642 2309 789 2386 caperet,
820 2304 1040 2367 Protestautes
1070 2325 1198 2368 rursum
1230 2325 1265 2368 se

132 2411 163 2472 in
186 2430 343 2474 concesso
366 2408 468 2471 libero
500 2408 669 2490 religionis
699 2411 850 2472 exercitio
882 2411 1003 2473 turbari
1035 2413 1140 2493 questi
1169 2418 1264 2489 suut,

133 2521 229 2598 atque
251 2518 309 2577 sub
332 2516 393 2577 hoc
414 2518 528 2576 obtutu
553 2519 638 2577 Duce
663 2521 787 2578 Poetilio
809 2535 909 2579 novos
933 2518 1110 2580 excitarunt
1138 2524 1265 2590 motura

133 2640 269 2702 sumque
291 2622 468 2703 Imperator
490 2628 521 2681 et
544 2623 613 2682 Rex
634 2620 744 2682 multis
768 2621 842 2683 aliis
872 2624 967 2684 etiam
999 2623 1139 2699 externis
1169 2620 1265 2683 bellis

133 2727 362 2805 distineretur,
391 2726 490 2787 factio
511 2727 608 2804 lsaee,
639 2726 787 2789 'l'ureicis
810 2726 939 2788 auxiliis
973 2725 1123 2805 suffulta,
1153 2727 1262 2788 imma·

130 2853 189 2896 oes
212 2852 270 2915 per
292 2833 469 2894 universum
492 2833 635 2910 Regnum
660 2829 775 2892 intulit
799 2839 944 2912 strages,
974 2839 1008 2896 et
1029 2834 1098 2894 Rex
1126 2832 1169 2893 ad
1199 2839 1266 2894 tra·

130 2945 252 3004 etatum
275 2939 364 3019 pacis
392 2936 564 2999 ineundum
586 2943 744 3017 promtum
767 2957 801 2998 se
823 2939 977 3014 praebere
999 2947 1127 3001 coactus
1149 2937 1222 2999 tuit.

238 3046 275 3118 c).
295 3045 350 3106 Ab
373 3064 401 3105 a.
428 3048 520 3105 1681.
543 3062 616 3105 seu
638 3043 792 3105 Diaeta
814 3044 1100 3125 Sopronieusi
1130 3063 1265 3125 usque
1351 3108 1353 3112 ,

130 3151 322 3215 comitia
345 3171 373 3211 a.
395 3155 487 3212 1715.
510 3151 585 3212 sub
609 3147 766 3211 Carolo
789 3148 852 3212 Vl.
876 3149 967 3228 imp.
991 3158 1032 3212 et
1051 3151 1171 3231 Rege.
1193 3151 1265 3214 Ma-

129 3254 180 3320 lis
200 3275 259 3336 per
288 3254 460 3317 factionem
482 3252 693 3317 Tiilxiiliaoam
724 3255 837 3335 Regno
866 3253 967 3318 illatis
995 3264 1100 3320 motus
1125 3255 1266 3338 Leopol·

132 3361 217 3439 dns,
251 3360 292 3422 ad
317 3359 547 3423 restituendam
574 3380 685 3442 pacem
719 3367 752 3422 et
785 3360 1049 3442 tranquillitatem
1078 3361 1265 3444 publicam,

131 3465 371 3548 sopiendasque
393 3466 536 3528 diuersas
552 3485 590 3528 ae
607 3466 640 3529 in
656 3473 745 3546 parte
763 3468 860 3528 etiam
878 3466 920 3530 de
943 3468 1070 3530 turbata
1094 3467 1264 3548 ‚religionis
1282 3466 1285 3472 “

130 3570 285 3636 libertate
310 3573 455 3633 obmotas
470 3556 958 3650 Regnicolarum'querimonias
983 3572 1122 3635 Comitia
1144 3577 1266 3650 Sopro-

130 3682 227 3741 nassa
246 3695 275 3740 a.
299 3682 391 3739 1681.
417 3676 553 3753 indixit,
577 3682 610 3736 et
623 3682 728 3738 cetera
742 3677 827 3738 inter
840 3679 1004 3759 negotium
1021 3675 1191 3758 religionis
1214 3697 1266 3740 as-

131 3781 311 3861 sumendo,
333 3782 562 3844 controversiis
582 3781 667 3843 inter
689 3780 878 3845 catholicos
901 3788 934 3846 et
947 3784 1169 3848 Protestanter
1190 3783 1266 3846 inde

131 3891 249 3954 aban.
275 3892 366 3950 1606.
389 3893 422 3949 et
444 3891 536 3950 1608.
557 3894 717 3968 tamquam
748 3888 869 3971 epocha
899 3888 1032 3953 admissi
1060 3888 1160 3953 liberi
1188 3887 1266 3952 reli·

131 3994 242 4077 gionis
265 3993 429 4072 exercitii,
452 3992 538 4055 circa
559 3991 744 4074 qualitatem
765 3994 860 4057 huius
883 3997 1048 4075 exercitii,
1066 4002 1266 4078 occupatas·

133 4118 199 4183 que
220 4100 261 4163 ab
281 4099 430 4179 utrinqne
450 4098 520 4159 iure
550 4096 685 4162 dominii
705 4097 902 4191 terrestralis
924 4100 1090 4166 Ecclesiae
1113 4108 1146 4165 et
1166 4103 1266 4164 Paro-

134 4207 250 4284 claias,
272 4207 425 4269 continuo
448 4205 712 4268 subversantibus
731 4224 790 4286 per
803 4206 962 4269 ¹conditos
980 4205 1143 4272 Articulos
1165 4206 1266 4272 XXV.

135 4318 172 4374 at
191 4311 306 4375 XXVl.
338 4295 435 4377 tinem
463 4311 620 4393 imposuit
649 4317 755 4375 certos
774 4317 893 4391 paitru
921 4310 1094 4394 religionis,
1122 4313 1267 4377 exercitii
