2798 4838
488 230 784 348 &au-

594 503 630 598 p.
658 506 744 578 lez.

113 647 162 705 Ιιι
178 642 385 720 processu
402 643 614 704 omnin-n
632 647 835 703 aureum
853 642 1229 717 manoperam

113 737 444 799 romanensem
462 751 577 796 ann·
598 739 720 797 10⁸0.
737 740 880 796 erecto
907 736 1119 796 semuncia
1143 731 1230 795 ter·-

113 845 202 899 ιιι,
229 829 664 901 Δηὶιοιιίιοοιιιιιιιιιιο
696 828 825 900 paul·
850 831 949 900 poss
972 833 1096 888 extro
1122 827 1230 888 flores

422 921 670 981 litoeccseos
687 918 925 980 obducitur.

209 1080 333 1145 interea
355 1081 485 1145 Judiees
506 1078 694 1165 Secularcs,
716 1081 830 1162 quibus
852 1064 1022 1163 processus
1053 1075 1230 1143 crirninalis

113 1182 260 1248 ‚drersns
282 1186 564 1270 Archiepiseopum
588 1188 835 1250 i’osnanIensem
859 1184 1050 1268 erigendus,
1079 1180 1230 1248 deciden-

113 1292 231 1372 tusque
253 1303 335 1354 anno
358 1292 462 1355 adhuc
483 1297 574 1357 1838.
592 1274 935 1371 committebatur⁶⁵⁰),
951 1290 1139 1356 sententiam
1153 1308 1230 1372 pro-

113 1398 311 1474 runciarunt,
334 1397 575 1480 Archipraesuli
606 1417 664 1480 per
692 1399 799 1478 regias
820 1395 932 1460 literas
959 1394 1145 1458 Beroliuum
1174 1414 1229 1459 ae·

113 1502 223 1565 oersito
248 1501 488 1577 denuntiatam:
511 1504 621 1585 vigore
644 1503 734 1565 euius
757 1523 774 1564 e
797 1503 903 1564 tribus
923 1489 1127 1581 criminibus,
1150 1519 1230 1580 quo·
1292 1583 1297 1589 .

113 1626 179 1669 rum
205 1594 449 1691 postulabatur,
473 1608 622 1673 nimirum
642 1605 750 1671 laesae
778 1608 975 1691 majestatis,
1006 1603 1159 1697 concitati
1186 1602 1228 1667 ad

117 1710 296 1775 seditionem
319 1713 450 1797 populi,
473 1722 505 1778 et
533 1713 719 1777 violatarum
740 1709 847 1794 legum
878 1711 1018 1775 civilium
1033 1708 1089 1773 ‘de
1119 1707 1228 1773 mistis

121 1819 292 1899 connubiis,
314 1840 332 1882 a
355 1818 477 1884 duobus
498 1817 611 1903 primis
636 1817 720 1882 liber
736 1815 936 1903 declaratus,
958 1824 991 1880 at
1011 1815 1100 1880 tertii
1121 1814 1229 1901 reipsa

123 1924 289 2005 convictus,
313 1933 345 1988 et
365 1926 398 1988 in
419 1945 556 2005 poenam
578 1924 619 2000 ad
650 1923 820 1988 solvendas
848 1943 1020 2006 processus
1052 1930 1227 2008 expensas,

125 2024 318 2092 detentionem
342 2050 396 2094 sex
418 2032 572 2094 meusium
595 2032 628 2094 in
651 2029 772 2094 munito
796 2030 945 2113 quopiam
968 2035 1096 2107 castro,
1131 2025 1228 2090 arnis-

126 2132 229 2198 sionem
251 2139 390 2199 omuhun
412 2139 621 2218 dignitatum,
651 2133 789 2198 nefando
822 2156 899 2199 sane
927 2155 1007 2200 ausu
1039 2125 1230 2197 condemna·

125 2241 182 2324 tus,
207 2241 249 2304 ad
281 2244 385 2304 munia
416 2244 449 2305 in
480 2244 590 2323 Regno
622 2240 762 2322 gerenda
792 2238 945 2305 tnhabilis
974 2237 1226 2323 pronunciatus,

126 2340 232 2409 demum
262 2369 280 2410 a
312 2368 440 2410 munere
480 2345 758 2428 Arthiepiscopali
794 2346 967 2431 depositus'
1001 2331 1124 2410 exstitit
1153 2341 1230 2417 ⁶³¹).

124 2446 286 2516 Sententiae
309 2453 403 2515 huius
427 2455 571 2516 executio
596 2453 652 2515 diu
674 2473 830 2535 suspensa
858 2453 940 2517 fuit:
973 2432 1123 2536 sperabat
1146 2446 1230 2514 enirn

123 2551 303 2621 duberuium
333 2559 488 2640 Regium,
519 2559 805 2640 Archiepiseopum
847 2555 1033 2644 Berolinunr
1064 2561 1229 2620 evocatum

122 2677 168 2740 per
184 2662 418 2745 frequentiores
441 2684 512 2726 cum
536 2664 638 2743 Regni
661 2645 867 2726 Administris
890 2663 1105 2727 conscientias
1131 2659 1230 2725 aliam

122 2762 190 2830 ciioa
211 2771 308 2832 mixta
331 2771 532 2832 matrimonia
554 2770 744 2843 sententiam
767 2765 997 2851 amplexurum.
1017 2765 1137 2833 Verum
1157 2783 1230 2829 cum

122 2866 269 2936 Praelatus
292 2874 325 2936 in
347 2875 463 2937 tuenda
487 2873 633 2936 doctrina
653 2871 889 2954 disciplinaque
906 2872 1060 2936 canonica
1079 2875 1229 2935 constans

122 2980 351 3060 permansisset,
375 2985 407 3042 et
429 3001 486 3060 per
506 2981 592 3044 iusto
615 2976 795 3060 longiorem
817 3000 836 3042 e
857 2976 1000 3069 dioecesi
1018 2984 1080 3058 ,sua
1114 2960 1230 3042 absen·
1314 2962 1318 2969 ’

121 3079 180 3145 tiam
200 3085 467 3148 administrationi
490 3086 704 3158 dioecesanae
726 3081 813 3147 haud
835 3072 915 3147 bene
950 3080 1077 3149 consuli
1106 3078 1229 3147 intelli·

121 3203 182 3264 gens
203 3191 396 3253 couscientia
427 3174 578 3253 muneris
599 3191 649 3252 sui
677 3185 835 3281 tmptdsus
865 3193 929 3252 non
946 3190 1142 3271 ¹exspectata
1172 3207 1228 3250 nc·

121 3295 185 3368 getii
206 3298 403 3359 controversi
426 3297 590 3359 decisione
612 3292 768 3358 Beroiiuo'
787 3294 828 3358 ad
853 3295 1016 3385 gremium
1044 3294 1230 3357 dioeceseos

121 3410 181 3461 ttae
201 3409 393 3466 remeasset:
417 3404 519 3483 Regio
541 3405 631 3467 iussu
656 3422 673 3463 e
696 3382 847 3465 D'ioecesi
866 3386 1045 3478 abductus}
1060 3382 1097 3463 'et
1118 3397 1161 3462 ad
1174 3400 1227 3484 apr-

122 3504 174 3567 t'en
194 3507 345 3571 munitam
369 3512 495 3586 colberg
517 3497 673 3570 deductus
696 3506 769 3571 fuit.
791 3508 896 3586 Atque
907 3506 953 3568 ita
973 3490 1061 3569 aiter
1085 3505 1148 3567 iam
1163 3504 1228 3566 ue-
1251 3574 1254 3581 Ἰ

120 3610 161 3681 issi
180 3614 343 3677 Borussici
365 3614 632 3696 Archiepiseopus
657 3613 697 3674 ob
721 3617 904 3675 constanter
927 3607 1092 3672 defensam
1114 3605 1227 3671 catho—
1266 3602 1275 3619 ‘

119 3701 198 3780 llearn
219 3718 397 3783 doctrinam
422 3717 534 3801 procui
556 3741 574 3782 a
597 3716 738 3780 dioecesi
763 3713 889 3779 exulare
913 3715 1060 3779 coactus!
1164 3800 1167 3805 ν

119 3869 352 3902 Νι...-

179 3991 245 4059 650)
264 3998 297 4077 ci.
316 3990 418 4059 §.172
532 4029 534 4036 ,

176 4083 241 4150 651)
261 4089 335 4139 seon.
356 4089 499 4150 Auratum.
521 4085 609 4154 1639.
625 4102 652 4145 a.
672 4084 736 4136 571.
756 4088 777 4144 s.
