2798 4838
556 256 787 333 -rta-

123 403 212 465 tbnari
234 402 405 487 iussisset,
428 402 629 484 quantopere
646 405 753 485 praxis
776 403 866 468 (lieri
889 402 1073 489 Catholici,
1096 428 1114 470 a
1137 427 1236 489 spon·

120 509 155 571 sis
174 508 320 572 diversae
343 507 512 590 religionis
534 511 782 589 promissionem
804 531 901 594 super
920 509 1079 575 catholica
1096 511 1238 593 prolium

119 614 306 704 educatione,
338 614 487 696 exigendi
519 621 551 677 01
582 622 704 679 tantum
733 617 794 700 bac
825 617 978 698 praestita
1015 619 1238 701 assistentiam

116 722 241 795 activam
257 722 477 796 matrimoniis
498 719 617 794 talibus
639 722 835 804 praebendi,
857 724 1028 807 principiis
1057 724 1238 806 Regimlnis

113 829 157 889 uri
177 834 359 909 repugnet:
382 827 444 890 lroc
463 827 571 908 ipsum
599 825 706 890 medio
737 828 858 893 decreti
887 827 942 892 dd.
968 836 997 894 1.
1018 829 1116 893 biart.
1142 835 1236 895 1819.

113 933 147 996 01
166 934 311 996 omnium
329 933 547 996 Parochorum
568 934 715 996 notitiam
737 934 875 1018 perferri
888 932 1084 1014 voluit⁸⁸⁸>3
1106 934 1237 1000 decreto

113 1046 211 1102 001000
235 1039 291 1102 dd.
311 1045 341 1102 6.
357 1037 461 1121 April.
487 1045 580 1103 1819.
603 1058 658 1103 eos
680 1039 863 1104 Ministerio
895 1061 954 1104 suo
979 1041 1070 1105 dedit
1091 1042 1237 1124 ordines,

113 1152 142 1208 ut
161 1136 272 1208 omnia
295 1144 401 1209 media
431 1145 627 1225 adhibeant,
660 1147 774 1224 quibua
798 1147 990 1211 Sacerdotes
1014 1146 1176 1213 Catholici
1197 1150 1237 1212 ab

113 1250 347 1332 inpedimentis
375 1252 589 1315 matrimoniis
620 1252 726 1314 mixtis
758 1252 917 1333 ponendis
946 1252 1126 1318 efficaciter
1154 1254 1240 1318 inbi-

113 1358 257 1437 heantur,
288 1358 321 1419 in
346 1360 453 1440 specie
474 1377 550 1420 vero
574 1359 622 1419 rei
643 1377 717 1420 mox
740 1357 944 1440 deierantur,
974 1367 1007 1423 et
1028 1355 1240 1424 contra'illos

113 1465 148 1526 ab
169 1463 284 1527 0111010
307 1484 366 1526 000
384 1464 627 1546 suspendendos
650 1484 791 1546 congrua
813 1466 933 1546 absque
955 1485 1044 1528 mora
1061 1467 1241 1549 suscipian-

113 1575 177 1650 tur,
198 1570 331 1651 ipsique
353 1570 543 1654 Superiores
565 1568 811 1656 Ecclesiastiel,
842 1572 897 1652 qui
928 1571 1120 1635 Sacerdotes
1152 1573 1241 1635 eius·

117 1675 191 1738 uadi
222 1674 334 1737 nefors
365 1683 591 1758 protegerent,
630 1675 779 1740 ultricem
811 1676 983 1740 vindictam
1014 1678 1135 1758 regiam
1166 1696 1240 1741 ren·

123 1777 284 1856 tint-⁸³⁹).
314 1780 351 1843 ld
374 1780 537 1864 singulare
560 1803 748 1864 censemus,
772 1783 857 1866 quod
879 1790 944 1846 tam
960 1783 1112 1847 Edictum
1133 1782 1241 1846 isthoc

121 1884 265 1968 bynna,
298 1907 392 1969 quam
414 1889 620 1971 Rescriptum
643 1888 858 1953 Ministeriale
889 1891 922 1952 in
945 1888 1080 1952 eundem
1096 1907 1241 1952 sensum

117 1988 165 2056 dd
178 1999 232 2057 18.
245 1991 348 2074 April.
374 2000 465 2059 1819.
488 1995 529 2057 ad
545 1996 773 2058 ordinariatus
797 1994 964 2058 dimissum
978 1990 1062 2076 1810),
1087 2014 1150 2078 quo
1168 2014 1240 2059 rcc-

117 2117 181 2180 pupr
200 2085 361 2162 intentum
392 2097 522 2164 iacilius
551 2103 734 2183 certiusque
756 2107 986 2183 assequantur,
1017 2121 1057 2163 00
1080 2107 1239 2184 sbatage-
1273 2128 1277 2131 ’

115 2212 189 2268 nate
211 2212 361 2269 utantura
383 2209 488 2290 ipsam
506 2209 677 2271 rectiorem
700 2205 975 2270 coordinationem
994 2213 1098 2271 status
1117 2195 1239 2271 externi
1293 2239 1296 2246 ·

115 2311 276 2375 Ecclesiae
300 2311 489 2376 Catholicae
518 2314 551 2375 in
575 2315 688 2394 Regno
710 2315 883 2377 Borussiae
912 2314 974 2376 sub
998 2333 1097 2397 opere
1119 2314 1242 2377 consti·

113 2423 206 2481 101000
229 2419 420 2502 interrumpi
442 2439 610 2483 necessum
637 2419 730 2500 fore,
762 2421 792 2482 si
815 2419 954 2482 Parocbi
983 2439 1082 2500 porro
1115 2439 1240 2503 quoque

113 2543 195 2588 suam
218 2526 432 2587 matrimoniis
455 2527 563 2588 mixtis
585 2525 804 2588 assistentiam
825 2531 990 2606 praestare
1008 2527 1241 2607 recusaverint,

113 2631 217 2712 sicque
248 2629 411 2711 publicam
439 2649 551 2713 pacem
575 2632 664 2693 *inter
687 2629 917 2693 Confessiones
942 2630 1142 2694 Christianus
1170 2637 1241 2694 tur-

113 2737 181 2800 bare
208 2737 417 2817 perrexerint.
449 2736 497 2800 lta
517 2755 632 2816 nempe
654 2736 810 2816 Regimen
832 2736 1039 2798 Borussicum
1059 2755 1129 2798 rem
1146 2737 1243 2798 'mix-1

113 2847 212 2906 torum
240 2843 516 2906 matrimoniorum
548 2861 619 2903 cum
641 2838 808 2904 Ecclesiae
839 2838 1026 2904 Catholicae
1056 2842 1089 2903 in
1124 2841 1239 2924 Regno

113 2948 294 3012 conditione
316 2959 392 3012 tunc
415 2950 495 3012 satis
519 2944 665 3034 desolata
687 2947 923 3027 connectendo,
946 2954 979 3010 et
998 2946 1237 3012 benedictionis

113 3055 262 3140 nuptialis
286 3054 478 3119 al’arochis
496 3051 676 3117 Catholicis
690 3047 930 3134 'impertiendae
951 3055 1176 3117 necessitatem
1198 3053 1241 3118 ad

113 3160 248 3225 valorem
270 3162 500 3223 connubiorum
520 3157 715 3243 persuadere
737 3158 889 3240 nitendo,
911 3160 1133 3241 existimabat,
1155 3160 1241 3244 fore,

115 3274 148 3332 nt
163 3268 305 3333 Parochi
334 3265 496 3330 catholici
526 3285 585 3347 spe
613 3263 822 3328 coordiuaudi
852 3284 915 3347 qno
946 3286 1044 3348 ocyus
1072 3249 1241 3331 Ecclesiae

117 3393 184 3438 auae
205 3380 312 3438 status
335 3372 378 3437 ad
399 3369 594 3454 implendam
614 3370 793 3453 Regiminir
814 3371 1044 3452 intentionem,
1073 3374 1241 3436 matrimo-

120 3479 234 3546 niorum
254 3476 409 3544 videlicet
428 3480 600 3543 mixtorum
618 3477 887 3541 ¹benedictionem
909 3478 1032 3559 absque
1064 3475 1133 3541 ulla
1163 3496 1239 3542 cun·
1265 3481 1267 3484 ’

123 3589 247 3651 datione
267 3583 517 3670 praestandam,
537 3581 669 3647 facilius
693 3585 877 3665 certiusque
898 3589 1152 3664 permoveantur.

131 3767 358 3794 N*—

113 3899 115 3905 ’
178 3881 246 3952 888)
264 3885 357 3938 1100.
376 3882 438 3936 112.
456 3897 519 3950 pag.
537 3882 599 3935 168.

179 3973 245 4042 889)
263 3977 356 4030 1100.
374 3977 436 4028 ssa
454 3989 518 4041 pag.
536 3973 598 4026 169.
1261 4007 1265 4013 .

181 4066 248 4134 aio)
266 4070 331 4122 ihu.
348 4065 395 4120 ΑΙ
406 4083 453 4121 ex.
482 4064 640 4130 Miller,
658 4066 723 4116 iiber
741 4067 794 4115 dea
822 4063 1063 4126 Iadiffereoticmus
1088 4066 1118 4117 ta
1138 4065 1241 4116 001101-

160 4161 384 4226 ttoeieaeateitco.
410 4143 536 4222 LeipcipJ
561 4155 653 4209 1889.
671 4171 698 4217 p.
716 4153 764 4208 89.
784 4157 818 4209 Β.
838 4182 875 4194 -
892 4154 1054 4222 Paulus,
1080 4158 1129 4209 tier
1146 4156 1242 4238 wieder
1270 4185 1272 4189 <
1370 4147 1374 4154 ’

161 4250 355 4316 'momentana
385 4250 637 4310 Princimenlcomo!
664 4249 795 4302 00100100
827 4249 973 4302 0101100100
1002 4248 1163 4303 Hierorcbie
1187 4248 1244 4300 aad
1315 4320 1323 4328 ‚
1380 4304 1381 4307 Ἴ

163 4343 276 4399 emeher
292 4342 573 4400 Stactarecbtiicbtccit.
591 4343 760 4406 Heideibcrp.
778 4339 870 4402 isus.
888 4357 914 4404 p.
933 4337 982 4394 51.

953 4429 1034 4494 12*-
