<?xml version="1.0" encoding="UTF-8"?>
<!DOCTYPE html PUBLIC "-//W3C//DTD XHTML 1.0 Transitional//EN"
    "http://www.w3.org/TR/xhtml1/DTD/xhtml1-transitional.dtd">
<html xmlns="http://www.w3.org/1999/xhtml" xml:lang="en" lang="en">
 <head>
  <title>
</title>
<meta http-equiv="Content-Type" content="text/html;charset=utf-8" />
  <meta name='ocr-system' content='tesseract 3.04.00' />
  <meta name='ocr-capabilities' content='ocr_page ocr_carea ocr_par ocr_line ocrx_word'/>
</head>
<body>
  <div class='ocr_page' id='page_1' title='image "./dematrimoniismi01roskgoog_0555.png"; bbox 0 0 2798 4838; ppageno 0'>
   <div class='ocr_carea' id='block_1_1' title="bbox 682 266 911 342">
    <p class='ocr_par' dir='ltr' id='par_1_1' title="bbox 682 266 911 342">
     <span class='ocr_line' id='line_1_1' title="bbox 682 266 911 342; baseline -0.009 -18"><span class='ocrx_word' id='word_1_1' title='bbox 682 266 911 342; x_wconf 74' lang='lat'><strong>..523-</strong></span> 
     </span>
    </p>
   </div>
   <div class='ocr_carea' id='block_1_2' title="bbox 225 396 1355 1130">
    <p class='ocr_par' dir='ltr' id='par_1_2' title="bbox 225 396 1355 1130">
     <span class='ocr_line' id='line_1_2' title="bbox 225 396 1355 498; baseline -0.002 -18"><span class='ocrx_word' id='word_1_2' title='bbox 225 413 364 498; x_wconf 85' lang='lat' dir='ltr'>legalem</span> <span class='ocrx_word' id='word_1_3' title='bbox 387 413 481 480; x_wconf 90' lang='lat' dir='ltr'>subin</span> <span class='ocrx_word' id='word_1_4' title='bbox 502 410 654 490; x_wconf 80' lang='lat' dir='ltr'>relatam,</span> <span class='ocrx_word' id='word_1_5' title='bbox 682 412 789 496; x_wconf 84' lang='lat' dir='ltr'>quoad</span> <span class='ocrx_word' id='word_1_6' title='bbox 810 415 959 477; x_wconf 87' lang='lat' dir='ltr'>meritum</span> <span class='ocrx_word' id='word_1_7' title='bbox 980 412 1154 496; x_wconf 73' lang='lat' dir='ltr'>religionis</span> <span class='ocrx_word' id='word_1_8' title='bbox 1176 414 1259 497; x_wconf 86' lang='lat' dir='ltr'>ipsis</span> <span class='ocrx_word' id='word_1_9' title='bbox 1280 396 1355 478; x_wconf 23' lang='lat' dir='ltr'>con-⁸</span> 
     </span>
     <span class='ocr_line' id='line_1_3' title="bbox 227 519 1347 603; baseline -0.001 -19"><span class='ocrx_word' id='word_1_10' title='bbox 227 523 330 585; x_wconf 88' lang='lat' dir='ltr'>cessis</span> <span class='ocrx_word' id='word_1_11' title='bbox 351 539 552 603; x_wconf 82' lang='lat' dir='ltr'><strong>nequaquam</strong></span> <span class='ocrx_word' id='word_1_12' title='bbox 575 524 743 583; x_wconf 89' lang='lat' dir='ltr'>contentos</span> <span class='ocrx_word' id='word_1_13' title='bbox 764 519 909 599; x_wconf 80' lang='lat' dir='ltr'>tuturos,</span> <span class='ocrx_word' id='word_1_14' title='bbox 932 519 990 582; x_wconf 82' lang='lat' dir='ltr'>scd</span> <span class='ocrx_word' id='word_1_15' title='bbox 1013 519 1107 602; x_wconf 89' lang='lat' dir='ltr'>plura</span> <span class='ocrx_word' id='word_1_16' title='bbox 1129 519 1237 583; x_wconf 83' lang='lat' dir='ltr'>adbuc</span> <span class='ocrx_word' id='word_1_17' title='bbox 1264 523 1347 584; x_wconf 91' lang='lat' dir='ltr'>subin</span> 
     </span>
     <span class='ocr_line' id='line_1_4' title="bbox 225 624 1348 711; baseline -0.003 -20"><span class='ocrx_word' id='word_1_18' title='bbox 225 624 388 711; x_wconf 87' lang='lat' dir='ltr'>postulata</span> <span class='ocrx_word' id='word_1_19' title='bbox 409 627 635 708; x_wconf 85' lang='lat' dir='ltr'>proposituras</span> <span class='ocrx_word' id='word_1_20' title='bbox 658 644 749 688; x_wconf 77' lang='lat' dir='ltr'>esse:</span> <span class='ocrx_word' id='word_1_21' title='bbox 769 624 805 687; x_wconf 85' lang='lat' dir='ltr'>iri</span> <span class='ocrx_word' id='word_1_22' title='bbox 823 626 943 707; x_wconf 67' lang='lat' dir='ltr'>,reipsa</span> <span class='ocrx_word' id='word_1_23' title='bbox 975 632 1089 688; x_wconf 90' lang='lat' dir='ltr'>eventu</span> <span class='ocrx_word' id='word_1_24' title='bbox 1117 629 1348 709; x_wconf 88' lang='lat' dir='ltr'>comprobatum</span> 
     </span>
     <span class='ocr_line' id='line_1_5' title="bbox 227 718 1349 807; baseline -0.003 -11"><span class='ocrx_word' id='word_1_25' title='bbox 227 739 287 797; x_wconf 83' lang='lat' dir='ltr'>est.</span> <span class='ocrx_word' id='word_1_26' title='bbox 320 733 591 796; x_wconf 72' lang='lat' dir='ltr'>concessionibus</span> <span class='ocrx_word' id='word_1_27' title='bbox 631 732 715 794; x_wconf 91' lang='lat' dir='ltr'>enim</span> <span class='ocrx_word' id='word_1_28' title='bbox 755 718 894 794; x_wconf 78' lang='lat' dir='ltr'>Articuli</span> <span class='ocrx_word' id='word_1_29' title='bbox 925 735 976 793; x_wconf 99' lang='grc'>26.</span> <span class='ocrx_word' id='word_1_30' title='bbox 1009 752 1037 793; x_wconf 90' lang='lat' dir='ltr'>a.</span> <span class='ocrx_word' id='word_1_31' title='bbox 1072 729 1189 807; x_wconf 73' lang='lat' dir='ltr'>179⁰s1.</span> <span class='ocrx_word' id='word_1_32' title='bbox 1231 732 1349 794; x_wconf 87' lang='lat' dir='ltr'>minime</span> 
     </span>
     <span class='ocr_line' id='line_1_6' title="bbox 227 834 1349 918; baseline -0.001 -17"><span class='ocrx_word' id='word_1_33' title='bbox 227 840 371 902; x_wconf 78' lang='lat' dir='ltr'>contenti</span> <span class='ocrx_word' id='word_1_34' title='bbox 391 838 632 917; x_wconf 86' lang='lat' dir='ltr'>Protestantes,</span> <span class='ocrx_word' id='word_1_35' title='bbox 653 856 717 898; x_wconf 92' lang='lat' dir='ltr'>non</span> <span class='ocrx_word' id='word_1_36' title='bbox 740 842 863 899; x_wconf 90' lang='lat' dir='ltr'>tantum</span> <span class='ocrx_word' id='word_1_37' title='bbox 885 834 1060 918; x_wconf 88' lang='lat' dir='ltr'>ampliores</span> <span class='ocrx_word' id='word_1_38' title='bbox 1092 836 1202 900; x_wconf 82' lang='lat' dir='ltr'>adbuc</span> <span class='ocrx_word' id='word_1_39' title='bbox 1233 836 1349 900; x_wconf 82' lang='lat' dir='ltr'>favores</span> 
     </span>
     <span class='ocr_line' id='line_1_7' title="bbox 226 939 1349 1027; baseline -0.002 -20"><span class='ocrx_word' id='word_1_40' title='bbox 226 942 414 1027; x_wconf 86' lang='lat' dir='ltr'>postulare,</span> <span class='ocrx_word' id='word_1_41' title='bbox 436 943 495 1006; x_wconf 71' lang='lat' dir='ltr'>red</span> <span class='ocrx_word' id='word_1_42' title='bbox 516 942 552 1004; x_wconf 81' lang='lat' dir='ltr'>iri</span> <span class='ocrx_word' id='word_1_43' title='bbox 580 939 674 1024; x_wconf 90' lang='lat' dir='ltr'>plane</span> <span class='ocrx_word' id='word_1_44' title='bbox 706 939 891 1004; x_wconf 85' lang='lat' dir='ltr'>desiderare</span> <span class='ocrx_word' id='word_1_45' title='bbox 920 944 1113 1023; x_wconf 75' lang='lat' dir='ltr'>pergebant,</span> <span class='ocrx_word' id='word_1_46' title='bbox 1149 949 1186 1004; x_wconf 93' lang='lat' dir='ltr'>ut</span> <span class='ocrx_word' id='word_1_47' title='bbox 1217 941 1349 1005; x_wconf 78' lang='lat' dir='ltr'>conditio</span> 
     </span>
     <span class='ocr_line' id='line_1_8' title="bbox 228 1046 1348 1130; baseline -0.004 -17"><span class='ocrx_word' id='word_1_48' title='bbox 228 1069 339 1113; x_wconf 87' lang='lat' dir='ltr'>eorum</span> <span class='ocrx_word' id='word_1_49' title='bbox 360 1047 568 1130; x_wconf 85' lang='lat' dir='ltr'>religionnria</span> <span class='ocrx_word' id='word_1_50' title='bbox 589 1047 631 1110; x_wconf 79' lang='lat' dir='ltr'>ad</span> <span class='ocrx_word' id='word_1_51' title='bbox 660 1066 769 1129; x_wconf 88' lang='lat' dir='ltr'>parem</span> <span class='ocrx_word' id='word_1_52' title='bbox 798 1068 870 1110; x_wconf 88' lang='lat' dir='ltr'>cum</span> <span class='ocrx_word' id='word_1_53' title='bbox 898 1046 957 1109; x_wconf 92' lang='lat' dir='ltr'>illa</span> <span class='ocrx_word' id='word_1_54' title='bbox 987 1048 1168 1129; x_wconf 86' lang='lat' dir='ltr'>Regnantis</span> <span class='ocrx_word' id='word_1_55' title='bbox 1199 1049 1348 1129; x_wconf 86' lang='lat' dir='ltr'>Principis</span> 
     </span>
    </p>
   </div>
   <div class='ocr_carea' id='block_1_3' title="bbox 73 1132 1349 1235">
    <p class='ocr_par' dir='ltr' id='par_1_3' title="bbox 73 1132 1349 1235">
     <span class='ocr_line' id='line_1_9' title="bbox 73 1132 1349 1235; baseline -0.002 -17"><span class='ocrx_word' id='word_1_56' title='bbox 73 1132 102 1183; x_wconf 38' lang='lat'>⁸*</span> <span class='ocrx_word' id='word_1_57' title='bbox 229 1161 263 1218; x_wconf 92' lang='lat' dir='ltr'>et</span> <span class='ocrx_word' id='word_1_58' title='bbox 283 1155 414 1235; x_wconf 88' lang='lat' dir='ltr'>Status,</span> <span class='ocrx_word' id='word_1_59' title='bbox 434 1154 581 1217; x_wconf 88' lang='lat' dir='ltr'>nimirum</span> <span class='ocrx_word' id='word_1_60' title='bbox 604 1151 772 1216; x_wconf 76' lang='lat' dir='ltr'>caatholica</span> <span class='ocrx_word' id='word_1_61' title='bbox 801 1159 946 1234; x_wconf 87' lang='lat' dir='ltr'>ponatur.</span> <span class='ocrx_word' id='word_1_62' title='bbox 976 1154 1060 1214; x_wconf 86' lang='lat' dir='ltr'>Hinc</span> <span class='ocrx_word' id='word_1_63' title='bbox 1087 1152 1257 1235; x_wconf 84' lang='lat' dir='ltr'>profectae</span> <span class='ocrx_word' id='word_1_64' title='bbox 1288 1161 1349 1216; x_wconf 87' lang='lat' dir='ltr'>sunt</span> 
     </span>
    </p>
   </div>
   <div class='ocr_carea' id='block_1_4' title="bbox 228 1257 1391 1764">
    <p class='ocr_par' dir='ltr' id='par_1_4' title="bbox 228 1257 1391 1764">
     <span class='ocr_line' id='line_1_10' title="bbox 228 1257 1348 1342; baseline -0.002 -19"><span class='ocrx_word' id='word_1_65' title='bbox 228 1257 425 1342; x_wconf 84' lang='lat' dir='ltr'>multiplices</span> <span class='ocrx_word' id='word_1_66' title='bbox 446 1257 523 1323; x_wconf 88' lang='lat' dir='ltr'>illae</span> <span class='ocrx_word' id='word_1_67' title='bbox 546 1260 886 1341; x_wconf 88' lang='lat' dir='ltr'>Repraesentationes,</span> <span class='ocrx_word' id='word_1_68' title='bbox 910 1278 988 1339; x_wconf 80' lang='lat' dir='ltr'>quas</span> <span class='ocrx_word' id='word_1_69' title='bbox 1011 1259 1130 1336; x_wconf 88' lang='lat' dir='ltr'>partim</span> <span class='ocrx_word' id='word_1_70' title='bbox 1154 1279 1173 1321; x_wconf 93' lang='lat' dir='ltr'>a</span> <span class='ocrx_word' id='word_1_71' title='bbox 1207 1260 1348 1340; x_wconf 88' lang='lat' dir='ltr'>Superin-</span> 
     </span>
     <span class='ocr_line' id='line_1_11' title="bbox 230 1344 1349 1447; baseline -0.002 -19"><span class='ocrx_word' id='word_1_72' title='bbox 230 1363 403 1428; x_wconf 83' lang='lat' dir='ltr'>tendentiir</span> <span class='ocrx_word' id='word_1_73' title='bbox 426 1365 623 1444; x_wconf 85' lang='lat' dir='ltr'>immidiate,</span> <span class='ocrx_word' id='word_1_74' title='bbox 644 1366 763 1447; x_wconf 88' lang='lat' dir='ltr'>partim</span> <span class='ocrx_word' id='word_1_75' title='bbox 784 1363 890 1426; x_wconf 79' lang='lat' dir='ltr'>medio</span> <span class='ocrx_word' id='word_1_76' title='bbox 910 1344 1188 1428; x_wconf 81' lang='lat' dir='ltr'>..iurisdictionum</span> <span class='ocrx_word' id='word_1_77' title='bbox 1219 1367 1349 1427; x_wconf 85' lang='lat' dir='ltr'>Comita-</span> 
     </span>
     <span class='ocr_line' id='line_1_12' title="bbox 229 1462 1391 1559; baseline -0.001 -25"><span class='ocrx_word' id='word_1_78' title='bbox 229 1471 367 1555; x_wconf 82' lang='lat' dir='ltr'>tensinm</span> <span class='ocrx_word' id='word_1_79' title='bbox 388 1470 430 1533; x_wconf 79' lang='lat' dir='ltr'>ad</span> <span class='ocrx_word' id='word_1_80' title='bbox 452 1471 629 1534; x_wconf 87' lang='lat' dir='ltr'>Dicasteria</span> <span class='ocrx_word' id='word_1_81' title='bbox 651 1471 756 1551; x_wconf 81' lang='lat' dir='ltr'>Regni</span> <span class='ocrx_word' id='word_1_82' title='bbox 779 1474 811 1531; x_wconf 90' lang='lat' dir='ltr'>et</span> <span class='ocrx_word' id='word_1_83' title='bbox 831 1467 873 1532; x_wconf 85' lang='lat' dir='ltr'>ad</span> <span class='ocrx_word' id='word_1_84' title='bbox 893 1469 1000 1548; x_wconf 85' lang='lat' dir='ltr'>ipsum</span> <span class='ocrx_word' id='word_1_85' title='bbox 1022 1462 1193 1532; x_wconf 80' lang='lat' dir='ltr'>&#39;l&#39;lnronum</span> <span class='ocrx_word' id='word_1_86' title='bbox 1225 1472 1349 1551; x_wconf 85' lang='lat' dir='ltr'>Region</span> <span class='ocrx_word' id='word_1_87' title='bbox 1389 1552 1391 1559; x_wconf 28' lang='grc' dir='ltr'>Ι</span> 
     </span>
     <span class='ocr_line' id='line_1_13' title="bbox 230 1573 1391 1657; baseline -0.003 -16"><span class='ocrx_word' id='word_1_88' title='bbox 230 1576 384 1641; x_wconf 76' lang='lat' dir='ltr'>adversus</span> <span class='ocrx_word' id='word_1_89' title='bbox 406 1574 635 1640; x_wconf 87' lang='lat' dir='ltr'>Resolntiones</span> <span class='ocrx_word' id='word_1_90' title='bbox 657 1575 776 1655; x_wconf 87' lang='lat' dir='ltr'>Regias</span> <span class='ocrx_word' id='word_1_91' title='bbox 793 1576 832 1636; x_wconf 87' lang='lat' dir='ltr'>-in</span> <span class='ocrx_word' id='word_1_92' title='bbox 853 1576 986 1637; x_wconf 88' lang='lat' dir='ltr'>materia</span> <span class='ocrx_word' id='word_1_93' title='bbox 1015 1573 1187 1657; x_wconf 71' lang='lat' dir='ltr'>religionis</span> <span class='ocrx_word' id='word_1_94' title='bbox 1221 1576 1349 1639; x_wconf 82' lang='lat' dir='ltr'>dimitte</span> <span class='ocrx_word' id='word_1_95' title='bbox 1389 1592 1391 1597; x_wconf 83' lang='lat'>·</span> 
     </span>
     <span class='ocr_line' id='line_1_14' title="bbox 229 1680 1351 1764; baseline -0.002 -18"><span class='ocrx_word' id='word_1_96' title='bbox 229 1684 307 1747; x_wconf 87' lang='lat' dir='ltr'>bant</span> <span class='ocrx_word' id='word_1_97' title='bbox 329 1682 568 1762; x_wconf 78' lang='lat' dir='ltr'>Protestantes,</span> <span class='ocrx_word' id='word_1_98' title='bbox 597 1682 632 1743; x_wconf 95' lang='lat' dir='ltr'>in</span> <span class='ocrx_word' id='word_1_99' title='bbox 660 1681 767 1762; x_wconf 86' lang='lat' dir='ltr'>iisque</span> <span class='ocrx_word' id='word_1_100' title='bbox 798 1687 863 1742; x_wconf 89' lang='lat' dir='ltr'>tam</span> <span class='ocrx_word' id='word_1_101' title='bbox 893 1680 1079 1742; x_wconf 82' lang='lat' dir='ltr'>reflexiones</span> <span class='ocrx_word' id='word_1_102' title='bbox 1111 1690 1230 1745; x_wconf 88' lang='lat' dir='ltr'>contra</span> <span class='ocrx_word' id='word_1_103' title='bbox 1265 1684 1351 1764; x_wconf 82' lang='lat' dir='ltr'>Regia</span> 
     </span>
    </p>
   </div>
   <div class='ocr_carea' id='block_1_5' title="bbox 90 1785 1351 1872">
    <p class='ocr_par' dir='ltr' id='par_1_5' title="bbox 90 1785 1351 1872">
     <span class='ocr_line' id='line_1_15' title="bbox 90 1785 1351 1872; baseline -0.006 -15"><span class='ocrx_word' id='word_1_104' title='bbox 90 1826 101 1857; x_wconf 76' lang='grc' dir='ltr'>ι</span> <span class='ocrx_word' id='word_1_105' title='bbox 187 1844 192 1855; x_wconf 84' lang='grc'><strong>.</strong></span> <span class='ocrx_word' id='word_1_106' title='bbox 229 1790 377 1853; x_wconf 88' lang='lat' dir='ltr'>intimata</span> <span class='ocrx_word' id='word_1_107' title='bbox 398 1787 600 1872; x_wconf 84' lang='lat' dir='ltr'>formabant,</span> <span class='ocrx_word' id='word_1_108' title='bbox 623 1806 717 1867; x_wconf 85' lang='lat' dir='ltr'>quam</span> <span class='ocrx_word' id='word_1_109' title='bbox 739 1805 819 1848; x_wconf 86' lang='lat' dir='ltr'>nova</span> <span class='ocrx_word' id='word_1_110' title='bbox 835 1785 998 1867; x_wconf 87' lang='lat' dir='ltr'>postulata</span> <span class='ocrx_word' id='word_1_111' title='bbox 1019 1785 1103 1849; x_wconf 88' lang='lat' dir='ltr'>ultra</span> <span class='ocrx_word' id='word_1_112' title='bbox 1128 1808 1186 1868; x_wconf 91' lang='lat' dir='ltr'>ea,</span> <span class='ocrx_word' id='word_1_113' title='bbox 1211 1808 1294 1870; x_wconf 87' lang='lat' dir='ltr'>quae</span> <span class='ocrx_word' id='word_1_114' title='bbox 1310 1787 1351 1850; x_wconf 83' lang='lat' dir='ltr'>lex</span> 
     </span>
    </p>
   </div>
   <div class='ocr_carea' id='block_1_6' title="bbox 140 1889 1355 4192">
    <p class='ocr_par' dir='ltr' id='par_1_6' title="bbox 140 1889 1355 4192">
     <span class='ocr_line' id='line_1_16' title="bbox 230 1889 1350 1983; baseline -0.002 -25"><span class='ocrx_word' id='word_1_115' title='bbox 230 1896 306 1958; x_wconf 86' lang='lat' dir='ltr'>anui</span> <span class='ocrx_word' id='word_1_116' title='bbox 330 1889 443 1970; x_wconf 73' lang='lat' dir='ltr'>179⁰l1.</span> <span class='ocrx_word' id='word_1_117' title='bbox 466 1891 591 1955; x_wconf 77' lang='lat' dir='ltr'>elstiem¹</span> <span class='ocrx_word' id='word_1_118' title='bbox 603 1892 770 1972; x_wconf 82' lang='lat' dir='ltr'>attribuit,</span> <span class='ocrx_word' id='word_1_119' title='bbox 785 1893 1016 1975; x_wconf 89' lang='lat' dir='ltr'>proponebant.</span> <span class='ocrx_word' id='word_1_120' title='bbox 1038 1891 1288 1983; x_wconf 82' lang='lat' dir='ltr'>l&#39;ostulatorum</span> <span class='ocrx_word' id='word_1_121' title='bbox 1304 1895 1350 1956; x_wconf 82' lang='lat' dir='ltr'>bo</span> 
     </span>
     <span class='ocr_line' id='line_1_17' title="bbox 147 1997 1351 2087; baseline -0.002 -23"><span class='ocrx_word' id='word_1_122' title='bbox 147 2030 179 2045; x_wconf 95' lang='lat'>·-</span> <span class='ocrx_word' id='word_1_123' title='bbox 231 2000 356 2064; x_wconf 80' lang='lat' dir='ltr'>cumin</span> <span class='ocrx_word' id='word_1_124' title='bbox 377 1999 514 2062; x_wconf 84' lang='lat' dir='ltr'>formam</span> <span class='ocrx_word' id='word_1_125' title='bbox 544 1999 781 2087; x_wconf 79' lang='lat' dir='ltr'>systematicam</span> <span class='ocrx_word' id='word_1_126' title='bbox 811 1997 1015 2062; x_wconf 83' lang='lat' dir='ltr'>redactorum</span> <span class='ocrx_word' id='word_1_127' title='bbox 1042 2000 1161 2073; x_wconf 85' lang='lat' dir='ltr'>seriem</span> <span class='ocrx_word' id='word_1_128' title='bbox 1193 2003 1277 2063; x_wconf 85' lang='lat' dir='ltr'>Acta</span> <span class='ocrx_word' id='word_1_129' title='bbox 1302 2001 1351 2062; x_wconf 81' lang='lat' dir='ltr'>Co</span> 
     </span>
     <span class='ocr_line' id='line_1_18' title="bbox 140 2098 1353 2186; baseline -0.002 -18"><span class='ocrx_word' id='word_1_130' title='bbox 140 2126 153 2149; x_wconf 81' lang='lat'>··</span> <span class='ocrx_word' id='word_1_131' title='bbox 230 2106 397 2169; x_wconf 85' lang='lat' dir='ltr'>mitiorum</span> <span class='ocrx_word' id='word_1_132' title='bbox 417 2106 573 2186; x_wconf 81' lang='lat' dir='ltr'>Regula.</span> <span class='ocrx_word' id='word_1_133' title='bbox 597 2098 723 2179; x_wconf 67' lang='lat' dir='ltr'>18²⁵l27.</span> <span class='ocrx_word' id='word_1_134' title='bbox 747 2102 915 2166; x_wconf 73' lang='lat' dir='ltr'>exhibente</span> <span class='ocrx_word' id='word_1_135' title='bbox 943 2114 1018 2165; x_wconf 87' lang='lat' dir='ltr'>nam</span> <span class='ocrx_word' id='word_1_136' title='bbox 1047 2103 1132 2166; x_wconf 89' lang='lat' dir='ltr'>inter</span> <span class='ocrx_word' id='word_1_137' title='bbox 1167 2109 1353 2168; x_wconf 74' lang='lat' dir='ltr'>Graecatim</span> 
     </span>
     <span class='ocr_line' id='line_1_19' title="bbox 232 2206 1352 2293; baseline -0.004 -16"><span class='ocrx_word' id='word_1_138' title='bbox 232 2215 462 2289; x_wconf 62' lang='lat' dir='ltr'>sivostulam,</span> <span class='ocrx_word' id='word_1_139' title='bbox 485 2228 576 2290; x_wconf 77' lang='lat' dir='ltr'>quae,</span> <span class='ocrx_word' id='word_1_140' title='bbox 594 2210 764 2291; x_wconf 80' lang='lat' dir='ltr'>Reputatlo</span> <span class='ocrx_word' id='word_1_141' title='bbox 797 2206 1037 2290; x_wconf 84' lang='lat' dir='ltr'>Regnicolaris,</span> <span class='ocrx_word' id='word_1_142' title='bbox 1067 2209 1176 2272; x_wconf 79' lang='lat' dir='ltr'>adhuc</span> <span class='ocrx_word' id='word_1_143' title='bbox 1208 2233 1270 2293; x_wconf 89' lang='lat' dir='ltr'>per</span> <span class='ocrx_word' id='word_1_144' title='bbox 1297 2215 1352 2275; x_wconf 82' lang='lat' dir='ltr'>Art</span> 
     </span>
     <span class='ocr_line' id='line_1_20' title="bbox 234 2308 1353 2397; baseline -0.001 -19"><span class='ocrx_word' id='word_1_145' title='bbox 234 2320 286 2379; x_wconf 87' lang='grc'>67.</span> <span class='ocrx_word' id='word_1_146' title='bbox 310 2336 339 2379; x_wconf 93' lang='lat' dir='ltr'>a.</span> <span class='ocrx_word' id='word_1_147' title='bbox 363 2311 479 2387; x_wconf 71' lang='lat' dir='ltr'>1⁷9⁰l1.</span> <span class='ocrx_word' id='word_1_148' title='bbox 502 2315 655 2394; x_wconf 81' lang='lat' dir='ltr'>oxmissa,</span> <span class='ocrx_word' id='word_1_149' title='bbox 677 2308 829 2397; x_wconf 88' lang='lat' dir='ltr'>collegit,</span> <span class='ocrx_word' id='word_1_150' title='bbox 852 2315 939 2376; x_wconf 86' lang='lat' dir='ltr'>etin</span> <span class='ocrx_word' id='word_1_151' title='bbox 962 2315 1112 2377; x_wconf 86' lang='lat' dir='ltr'>Sessione</span> <span class='ocrx_word' id='word_1_152' title='bbox 1136 2317 1282 2380; x_wconf 84' lang='lat' dir='ltr'>Diaetali</span> <span class='ocrx_word' id='word_1_153' title='bbox 1301 2317 1353 2380; x_wconf 76' lang='lat' dir='ltr'>elici</span> 
     </span>
     <span class='ocr_line' id='line_1_21' title="bbox 228 2418 1352 2499; baseline 0.001 -14"><span class='ocrx_word' id='word_1_154' title='bbox 228 2424 287 2485; x_wconf 76' lang='grc'>60.</span> <span class='ocrx_word' id='word_1_155' title='bbox 317 2419 487 2484; x_wconf 83' lang='lat' dir='ltr'>Novembr.</span> <span class='ocrx_word' id='word_1_156' title='bbox 521 2424 614 2482; x_wconf 83' lang='grc'><strong>1826.</strong></span> <span class='ocrx_word' id='word_1_157' title='bbox 645 2418 776 2499; x_wconf 86' lang='lat' dir='ltr'>retulit,</span> <span class='ocrx_word' id='word_1_158' title='bbox 809 2439 944 2499; x_wconf 87' lang='lat' dir='ltr'>sequens</span> <span class='ocrx_word' id='word_1_159' title='bbox 975 2421 1114 2483; x_wconf 86' lang='lat' dir='ltr'>occurrit</span> <span class='ocrx_word' id='word_1_160' title='bbox 1148 2422 1208 2485; x_wconf 90' lang='lat' dir='ltr'>Nr.</span> <span class='ocrx_word' id='word_1_161' title='bbox 1240 2422 1352 2486; x_wconf 80' lang='lat' dir='ltr'>XXXR</span> 
     </span>
     <span class='ocr_line' id='line_1_22' title="bbox 234 2524 1353 2612; baseline 0.004 -22"><span class='ocrx_word' id='word_1_162' title='bbox 234 2525 301 2609; x_wconf 74' lang='lat' dir='ltr'>„be</span> <span class='ocrx_word' id='word_1_163' title='bbox 320 2524 467 2608; x_wconf 89' lang='lat' dir='ltr'>prolibus</span> <span class='ocrx_word' id='word_1_164' title='bbox 488 2524 580 2589; x_wconf 70' lang='lat' dir='ltr'>mimi</span> <span class='ocrx_word' id='word_1_165' title='bbox 601 2526 796 2588; x_wconf 84' lang='lat' dir='ltr'>matrimonii</span> <span class='ocrx_word' id='word_1_166' title='bbox 820 2532 852 2587; x_wconf 87' lang='lat' dir='ltr'>ct</span> <span class='ocrx_word' id='word_1_167' title='bbox 872 2527 1005 2588; x_wconf 87' lang='lat' dir='ltr'>materia</span> <span class='ocrx_word' id='word_1_168' title='bbox 1025 2525 1199 2608; x_wconf 84' lang='lat' dir='ltr'>religionis</span> <span class='ocrx_word' id='word_1_169' title='bbox 1223 2525 1353 2612; x_wconf 78' lang='lat' dir='ltr'>Evange-</span> 
     </span>
     <span class='ocr_line' id='line_1_23' title="bbox 232 2629 1353 2714; baseline 0.004 -19"><span class='ocrx_word' id='word_1_170' title='bbox 232 2631 391 2711; x_wconf 84' lang='lat' dir='ltr'>licorum&#39;’</span> <span class='ocrx_word' id='word_1_171' title='bbox 413 2650 470 2714; x_wconf 86' lang='lat' dir='ltr'>per</span> <span class='ocrx_word' id='word_1_172' title='bbox 499 2629 746 2693; x_wconf 79' lang='lat' dir='ltr'>iurisdictiones</span> <span class='ocrx_word' id='word_1_173' title='bbox 774 2633 915 2712; x_wconf 87' lang='lat' dir='ltr'>partium</span> <span class='ocrx_word' id='word_1_174' title='bbox 943 2633 1046 2714; x_wconf 88' lang='lat' dir='ltr'>Regni</span> <span class='ocrx_word' id='word_1_175' title='bbox 1078 2638 1353 2699; x_wconf 62' lang='lat' dir='ltr'>Oia-Danubium</span> 
     </span>
     <span class='ocr_line' id='line_1_24' title="bbox 177 2735 1353 2824; baseline 0 -22"><span class='ocrx_word' id='word_1_176' title='bbox 177 2759 181 2764; x_wconf 83' lang='grc'><strong><em>’</em></strong></span> <span class='ocrx_word' id='word_1_177' title='bbox 232 2757 309 2802; x_wconf 82' lang='lat' dir='ltr'>rum</span> <span class='ocrx_word' id='word_1_178' title='bbox 329 2738 550 2819; x_wconf 86' lang='lat' dir='ltr'>propositum:</span> <span class='ocrx_word' id='word_1_179' title='bbox 574 2735 661 2816; x_wconf 77' lang='lat' dir='ltr'>qnod</span> <span class='ocrx_word' id='word_1_180' title='bbox 682 2738 715 2798; x_wconf 90' lang='lat' dir='ltr'>in</span> <span class='ocrx_word' id='word_1_181' title='bbox 744 2738 877 2799; x_wconf 87' lang='lat' dir='ltr'>materia</span> <span class='ocrx_word' id='word_1_182' title='bbox 908 2737 1076 2819; x_wconf 88' lang='lat' dir='ltr'>religionis</span> <span class='ocrx_word' id='word_1_183' title='bbox 1108 2758 1210 2822; x_wconf 87' lang='lat' dir='ltr'>saepe</span> <span class='ocrx_word' id='word_1_184' title='bbox 1241 2743 1353 2824; x_wconf 83' lang='lat' dir='ltr'>saepius</span> 
     </span>
     <span class='ocr_line' id='line_1_25' title="bbox 235 2840 1354 2927; baseline 0.001 -21"><span class='ocrx_word' id='word_1_185' title='bbox 235 2842 421 2906; x_wconf 81' lang='lat' dir='ltr'>differentes</span> <span class='ocrx_word' id='word_1_186' title='bbox 443 2842 635 2904; x_wconf 84' lang='lat' dir='ltr'>intervenire</span> <span class='ocrx_word' id='word_1_187' title='bbox 658 2840 783 2905; x_wconf 87' lang='lat' dir='ltr'>soleant</span> <span class='ocrx_word' id='word_1_188' title='bbox 799 2841 1029 2906; x_wconf 74' lang='lat' dir='ltr'>&#39;Resolutiones</span> <span class='ocrx_word' id='word_1_189' title='bbox 1058 2847 1206 2927; x_wconf 86' lang='lat' dir='ltr'>Regiae,</span> <span class='ocrx_word' id='word_1_190' title='bbox 1241 2848 1283 2910; x_wconf 87' lang='lat' dir='ltr'>ob</span> <span class='ocrx_word' id='word_1_191' title='bbox 1311 2866 1354 2908; x_wconf 88' lang='lat' dir='ltr'>er·</span> 
     </span>
     <span class='ocr_line' id='line_1_26' title="bbox 235 2946 1354 3029; baseline 0 -17"><span class='ocrx_word' id='word_1_192' title='bbox 235 2967 369 3029; x_wconf 84' lang='lat' dir='ltr'>rumque</span> <span class='ocrx_word' id='word_1_193' title='bbox 392 2946 634 3010; x_wconf 76' lang='lat' dir='ltr'>difformitatem</span> <span class='ocrx_word' id='word_1_194' title='bbox 654 2949 688 3009; x_wconf 92' lang='lat' dir='ltr'>in</span> <span class='ocrx_word' id='word_1_195' title='bbox 719 2950 827 3028; x_wconf 85' lang='lat' dir='ltr'>specie</span> <span class='ocrx_word' id='word_1_196' title='bbox 857 2951 891 3010; x_wconf 90' lang='lat' dir='ltr'>in</span> <span class='ocrx_word' id='word_1_197' title='bbox 923 2951 1047 3011; x_wconf 86' lang='lat' dir='ltr'>casibus</span> <span class='ocrx_word' id='word_1_198' title='bbox 1075 2951 1172 3013; x_wconf 82' lang='lat' dir='ltr'>mixti</span> <span class='ocrx_word' id='word_1_199' title='bbox 1203 2954 1354 3015; x_wconf 75' lang='lat' dir='ltr'>matrina·</span> 
     </span>
     <span class='ocr_line' id='line_1_27' title="bbox 235 3052 1354 3136; baseline 0.004 -21"><span class='ocrx_word' id='word_1_200' title='bbox 235 3056 283 3122; x_wconf 87' lang='lat' dir='ltr'>nil</span> <span class='ocrx_word' id='word_1_201' title='bbox 303 3052 414 3136; x_wconf 91' lang='lat' dir='ltr'>proles</span> <span class='ocrx_word' id='word_1_202' title='bbox 434 3055 526 3135; x_wconf 81' lang='lat' dir='ltr'>prius</span> <span class='ocrx_word' id='word_1_203' title='bbox 548 3059 721 3136; x_wconf 89' lang='lat' dir='ltr'>conceptas</span> <span class='ocrx_word' id='word_1_204' title='bbox 750 3074 788 3116; x_wconf 93' lang='lat' dir='ltr'>ac</span> <span class='ocrx_word' id='word_1_205' title='bbox 809 3074 868 3136; x_wconf 92' lang='lat' dir='ltr'>per</span> <span class='ocrx_word' id='word_1_206' title='bbox 896 3057 1091 3136; x_wconf 88' lang='lat' dir='ltr'>subsequens</span> <span class='ocrx_word' id='word_1_207' title='bbox 1125 3060 1354 3120; x_wconf 77' lang='lat' dir='ltr'>matrimonii!</span> 
     </span>
     <span class='ocr_line' id='line_1_28' title="bbox 233 3157 1354 3242; baseline 0.005 -22"><span class='ocrx_word' id='word_1_208' title='bbox 233 3157 430 3241; x_wconf 86' lang='lat' dir='ltr'>legitimatas</span> <span class='ocrx_word' id='word_1_209' title='bbox 453 3178 579 3242; x_wconf 85' lang='lat' dir='ltr'>semper</span> <span class='ocrx_word' id='word_1_210' title='bbox 601 3160 633 3220; x_wconf 94' lang='lat' dir='ltr'>in</span> <span class='ocrx_word' id='word_1_211' title='bbox 656 3158 813 3240; x_wconf 89' lang='lat' dir='ltr'>religione</span> <span class='ocrx_word' id='word_1_212' title='bbox 835 3163 968 3239; x_wconf 87' lang='lat' dir='ltr'>matris,</span> <span class='ocrx_word' id='word_1_213' title='bbox 990 3162 1116 3223; x_wconf 90' lang='lat' dir='ltr'>etiamsi</span> <span class='ocrx_word' id='word_1_214' title='bbox 1138 3170 1238 3242; x_wconf 90' lang='lat' dir='ltr'>pater</span> <span class='ocrx_word' id='word_1_215' title='bbox 1260 3162 1354 3240; x_wconf 83' lang='lat' dir='ltr'>alteri,</span> 
     </span>
     <span class='ocr_line' id='line_1_29' title="bbox 234 3261 1353 3349; baseline 0.004 -22"><span class='ocrx_word' id='word_1_216' title='bbox 234 3261 445 3344; x_wconf 76' lang='lat' dir='ltr'>Evaingelicae</span> <span class='ocrx_word' id='word_1_217' title='bbox 465 3282 580 3343; x_wconf 90' lang='lat' dir='ltr'>nempe</span> <span class='ocrx_word' id='word_1_218' title='bbox 603 3262 750 3328; x_wconf 84' lang='lat' dir='ltr'>addictus</span> <span class='ocrx_word' id='word_1_219' title='bbox 782 3266 844 3345; x_wconf 88' lang='lat' dir='ltr'>sit,</span> <span class='ocrx_word' id='word_1_220' title='bbox 877 3266 1007 3329; x_wconf 88' lang='lat' dir='ltr'>educari</span> <span class='ocrx_word' id='word_1_221' title='bbox 1032 3267 1199 3344; x_wconf 83' lang='lat' dir='ltr'>eveniant3</span> <span class='ocrx_word' id='word_1_222' title='bbox 1233 3269 1353 3349; x_wconf 77' lang='lat' dir='ltr'>ideoque</span> 
     </span>
     <span class='ocr_line' id='line_1_30' title="bbox 234 3367 1352 3455; baseline 0.003 -22"><span class='ocrx_word' id='word_1_223' title='bbox 234 3370 277 3434; x_wconf 84' lang='lat' dir='ltr'>ad</span> <span class='ocrx_word' id='word_1_224' title='bbox 300 3368 462 3431; x_wconf 79' lang='lat' dir='ltr'>evitandas</span> <span class='ocrx_word' id='word_1_225' title='bbox 485 3367 671 3432; x_wconf 89' lang='lat' dir='ltr'>collisiones</span> <span class='ocrx_word' id='word_1_226' title='bbox 693 3373 756 3434; x_wconf 83' lang='lat' dir='ltr'>lixa</span> <span class='ocrx_word' id='word_1_227' title='bbox 786 3373 954 3452; x_wconf 86' lang='lat' dir='ltr'>quaepiam</span> <span class='ocrx_word' id='word_1_228' title='bbox 984 3373 1145 3453; x_wconf 89' lang='lat' dir='ltr'>principia</span> <span class='ocrx_word' id='word_1_229' title='bbox 1176 3396 1240 3455; x_wconf 89' lang='lat' dir='ltr'>pro</span> <span class='ocrx_word' id='word_1_230' title='bbox 1272 3374 1352 3439; x_wconf 84' lang='lat' dir='ltr'>edes·</span> 
     </span>
     <span class='ocr_line' id='line_1_31' title="bbox 235 3474 1354 3564; baseline 0.004 -26"><span class='ocrx_word' id='word_1_231' title='bbox 235 3475 288 3539; x_wconf 79' lang='lat' dir='ltr'>slis</span> <span class='ocrx_word' id='word_1_232' title='bbox 309 3476 341 3538; x_wconf 92' lang='lat' dir='ltr'>in</span> <span class='ocrx_word' id='word_1_233' title='bbox 365 3477 497 3558; x_wconf 85' lang='lat' dir='ltr'>negotio</span> <span class='ocrx_word' id='word_1_234' title='bbox 519 3474 688 3557; x_wconf 86' lang='lat' dir='ltr'>religionis</span> <span class='ocrx_word' id='word_1_235' title='bbox 721 3476 986 3562; x_wconf 84' lang='lat' dir='ltr'>Resolutionibus</span> <span class='ocrx_word' id='word_1_236' title='bbox 1014 3480 1185 3558; x_wconf 88' lang='lat' dir='ltr'>praestitui</span> <span class='ocrx_word' id='word_1_237' title='bbox 1223 3487 1354 3564; x_wconf 80' lang='lat' dir='ltr'>oportere</span> 
     </span>
     <span class='ocr_line' id='line_1_32' title="bbox 235 3580 1354 3666; baseline -0.001 -20"><span class='ocrx_word' id='word_1_238' title='bbox 235 3580 366 3646; x_wconf 80' lang='lat' dir='ltr'>eaedem</span> <span class='ocrx_word' id='word_1_239' title='bbox 387 3581 633 3644; x_wconf 74' lang='lat' dir='ltr'>iurisdictiones</span> <span class='ocrx_word' id='word_1_240' title='bbox 656 3584 836 3645; x_wconf 86' lang='lat' dir='ltr'>censebant.</span> <span class='ocrx_word' id='word_1_241' title='bbox 858 3583 1105 3647; x_wconf 77' lang='lat' dir='ltr'>iurisdictiones</span> <span class='ocrx_word' id='word_1_242' title='bbox 1131 3604 1211 3647; x_wconf 81' lang='lat' dir='ltr'>vero</span> <span class='ocrx_word' id='word_1_243' title='bbox 1235 3587 1354 3666; x_wconf 82' lang='lat' dir='ltr'>partium</span> 
     </span>
     <span class='ocr_line' id='line_1_33' title="bbox 236 3682 1354 3772; baseline -0.003 -21"><span class='ocrx_word' id='word_1_244' title='bbox 236 3692 607 3751; x_wconf 68' lang='lat' dir='ltr'>liuns-Tibiscanurum</span> <span class='ocrx_word' id='word_1_245' title='bbox 627 3686 663 3749; x_wconf 79' lang='lat' dir='ltr'>iri</span> <span class='ocrx_word' id='word_1_246' title='bbox 685 3687 856 3769; x_wconf 83' lang='lat' dir='ltr'>querulosa</span> <span class='ocrx_word' id='word_1_247' title='bbox 879 3690 1095 3772; x_wconf 82' lang='lat' dir='ltr'>exponebant,</span> <span class='ocrx_word' id='word_1_248' title='bbox 1129 3690 1222 3771; x_wconf 85' lang='lat' dir='ltr'>quod</span> <span class='ocrx_word' id='word_1_249' title='bbox 1245 3682 1354 3772; x_wconf 83' lang='lat' dir='ltr'>negoiis&#39;</span> 
     </span>
     <span class='ocr_line' id='line_1_34' title="bbox 235 3782 1353 3879; baseline 0.002 -26"><span class='ocrx_word' id='word_1_250' title='bbox 235 3782 444 3873; x_wconf 79' lang='lat' dir='ltr'>religionarla</span> <span class='ocrx_word' id='word_1_251' title='bbox 466 3791 729 3875; x_wconf 79' lang='lat' dir='ltr'>Evangelicorum</span> <span class='ocrx_word' id='word_1_252' title='bbox 750 3796 916 3874; x_wconf 89' lang='lat' dir='ltr'>utriusque</span> <span class='ocrx_word' id='word_1_253' title='bbox 939 3794 1167 3858; x_wconf 76' lang='lat' dir='ltr'>confessionis</span> <span class='ocrx_word' id='word_1_254' title='bbox 1200 3795 1353 3879; x_wconf 87' lang='lat' dir='ltr'>partimin</span> 
     </span>
     <span class='ocr_line' id='line_1_35' title="bbox 201 3897 1355 3980; baseline 0.003 -22"><span class='ocrx_word' id='word_1_255' title='bbox 201 3929 210 3937; x_wconf 91' lang='lat'><strong>·</strong></span> <span class='ocrx_word' id='word_1_256' title='bbox 236 3897 344 3958; x_wconf 85' lang='lat' dir='ltr'>mixtis</span> <span class='ocrx_word' id='word_1_257' title='bbox 366 3898 598 3977; x_wconf 76' lang='lat' dir='ltr'>matrimoniis,</span> <span class='ocrx_word' id='word_1_258' title='bbox 620 3900 792 3980; x_wconf 88' lang='lat' dir='ltr'>partimin</span> <span class='ocrx_word' id='word_1_259' title='bbox 814 3903 942 3962; x_wconf 88' lang='lat' dir='ltr'>casibus</span> <span class='ocrx_word' id='word_1_260' title='bbox 964 3902 1122 3962; x_wconf 89' lang='lat' dir='ltr'>transitus</span> <span class='ocrx_word' id='word_1_261' title='bbox 1142 3902 1186 3963; x_wconf 84' lang='lat' dir='ltr'>ad</span> <span class='ocrx_word' id='word_1_262' title='bbox 1203 3902 1297 3965; x_wconf 89' lang='lat' dir='ltr'>aliam</span> <span class='ocrx_word' id='word_1_263' title='bbox 1315 3919 1355 3962; x_wconf 84' lang='lat' dir='ltr'>re·</span> 
     </span>
     <span class='ocr_line' id='line_1_36' title="bbox 234 3991 1353 4088; baseline 0.004 -25"><span class='ocrx_word' id='word_1_264' title='bbox 234 3999 389 4084; x_wconf 86' lang='lat' dir='ltr'>ligionem</span> <span class='ocrx_word' id='word_1_265' title='bbox 411 4005 523 4066; x_wconf 89' lang='lat' dir='ltr'>crebro</span> <span class='ocrx_word' id='word_1_266' title='bbox 545 4002 633 4066; x_wconf 84' lang='lat' dir='ltr'>baud</span> <span class='ocrx_word' id='word_1_267' title='bbox 653 3991 742 4067; x_wconf 83' lang='lat' dir='ltr'>iuxta</span> <span class='ocrx_word' id='word_1_268' title='bbox 764 4008 1000 4088; x_wconf 80' lang='lat' dir='ltr'>praescriptum</span> <span class='ocrx_word' id='word_1_269' title='bbox 1020 4008 1089 4069; x_wconf 87' lang='lat' dir='ltr'>Art</span> <span class='ocrx_word' id='word_1_270' title='bbox 1126 4013 1180 4070; x_wconf 91' lang='grc'>26.</span> <span class='ocrx_word' id='word_1_271' title='bbox 1211 4031 1241 4072; x_wconf 88' lang='lat' dir='ltr'>a.</span> <span class='ocrx_word' id='word_1_272' title='bbox 1260 4004 1353 4080; x_wconf 53' lang='grc' dir='ltr'><strong>179οι1.</strong></span> 
     </span>
     <span class='ocr_line' id='line_1_37' title="bbox 236 4096 1353 4192; baseline 0.001 -22"><span class='ocrx_word' id='word_1_273' title='bbox 236 4107 368 4170; x_wconf 86' lang='lat' dir='ltr'>tractari</span> <span class='ocrx_word' id='word_1_274' title='bbox 390 4096 603 4188; x_wconf 83' lang='lat' dir='ltr'>experiantur.</span> <span class='ocrx_word' id='word_1_275' title='bbox 629 4107 708 4184; x_wconf 72' lang='grc' dir='ltr'>ι000)</span> <span class='ocrx_word' id='word_1_276' title='bbox 731 4109 910 4174; x_wconf 85' lang='lat' dir='ltr'>Postulatis</span> <span class='ocrx_word' id='word_1_277' title='bbox 932 4113 984 4174; x_wconf 90' lang='lat' dir='ltr'>his</span> <span class='ocrx_word' id='word_1_278' title='bbox 1008 4117 1040 4173; x_wconf 88' lang='lat' dir='ltr'>et</span> <span class='ocrx_word' id='word_1_279' title='bbox 1071 4117 1309 4192; x_wconf 83' lang='lat' dir='ltr'>gravaminibus</span> <span class='ocrx_word' id='word_1_280' title='bbox 1329 4112 1353 4171; x_wconf 90' lang='lat' dir='ltr'>in</span> 
     </span>
    </p>
   </div>
   <div class='ocr_carea' id='block_1_7' title="bbox 308 4260 1200 4404">
    <p class='ocr_par' dir='ltr' id='par_1_7' title="bbox 308 4260 1200 4404">
     <span class='ocr_line' id='line_1_38' title="bbox 308 4260 1200 4404; baseline 0.006 -53"><span class='ocrx_word' id='word_1_281' title='bbox 308 4296 392 4365; x_wconf 81' lang='lat'>1021)</span> <span class='ocrx_word' id='word_1_282' title='bbox 411 4304 479 4352; x_wconf 81' lang='lat' dir='ltr'>Acta</span> <span class='ocrx_word' id='word_1_283' title='bbox 507 4301 677 4358; x_wconf 74' lang='lat' dir='ltr'>Consiliorum</span> <span class='ocrx_word' id='word_1_284' title='bbox 697 4320 722 4354; x_wconf 89' lang='lat' dir='ltr'>o.</span> <span class='ocrx_word' id='word_1_285' title='bbox 745 4260 932 4404; x_wconf 58' lang='grc' dir='ltr'>162ΞξΡοιοιιίι·</span> <span class='ocrx_word' id='word_1_286' title='bbox 952 4307 979 4354; x_wconf 77' lang='lat' dir='ltr'>T.</span> <span class='ocrx_word' id='word_1_287' title='bbox 1000 4301 1024 4355; x_wconf 81' lang='lat'>1.</span> <span class='ocrx_word' id='word_1_288' title='bbox 1047 4319 1074 4363; x_wconf 81' lang='grc' dir='ltr'>ιι.</span> <span class='ocrx_word' id='word_1_289' title='bbox 1094 4301 1166 4358; x_wconf 78' lang='lat'><em>415.</em></span> <span class='ocrx_word' id='word_1_290' title='bbox 1187 4336 1200 4371; x_wconf 74' lang='lat'>,</span> 
     </span>
    </p>
   </div>
   <div class='ocr_carea' id='block_1_8' title="bbox 0 0 1416 4838">
    <p class='ocr_par' dir='ltr' id='par_1_8' title="bbox 0 0 1416 4838">
     <span class='ocr_line' id='line_1_39' title="bbox 0 0 1416 4838; baseline 0 0"><span class='ocrx_word' id='word_1_291' title='bbox 0 0 1416 4838; x_wconf 95' lang='lat' dir='ltr'> </span> 
     </span>
    </p>
   </div>
  </div>
 </body>
</html>
