2798 4838
372 135 375 153 ’
509 111 738 183 -169-

77 257 135 320 don
153 253 373 319 demonstrata
403 252 674 319 evidentissimum
702 251 816 317 adesse
844 261 1016 340 properie
1043 273 1177 338 sponso·

72 383 126 426 ron
155 358 317 424 catlsollca
347 367 380 423 et
408 358 553 439 prolibus
582 359 696 422 salotis
726 355 924 442 periculum,
964 378 1003 424 ac
1037 359 1178 424 admissa

70 465 244 530 itiusmodi
274 466 432 560 coniugii·
454 465 675 529 benedictione
712 464 912 528 matrimonia
941 467 1040 529 mixta
1069 471 1179 529 contra
1228 473 1286 509 '²⁵³

19 640 23 645 ,
67 574 265 636 intentionem
286 570 452 634 Ecclesiae
473 570 653 653 promoveri
666 566 740 643 ⁸¹⁷).
768 568 937 651 Singulare
959 577 1020 650 cst,
1041 573 1179 653 iipisco·

10 708 12 713 ·
65 699 128 760 pom
151 697 232 756 erga
245 675 388 739 aiteram
418 679 512 739 etiam
534 676 656 741 Vicarii
678 677 974 738 remonstrationem
1003 677 1038 738 in
1060 679 1180 758 princi-

63 785 116 863 piis
138 789 174 844 ct
195 781 329 862 legibus
348 779 514 845 Ecclesiae
536 781 720 860 fundatam,
745 770 909 861 sequentia
929 779 1102 845 resolvisse
1124 780 1178 845 dd.

61 894 105 951 13.
120 889 250 951 Octobr
277 892 378 949 1825:
399 890 440 970 a)
464 887 627 950 Parochos
655 886 745 948 inid
776 887 914 951 intentos
937 907 1009 951 esse
1040 887 1177 966 debera,

61 1002 108 1073 nt,
130 992 210 1055 dnm
232 972 413 1055 adnudres
436 998 486 1055 est
505 993 650 1076 integra,
679 999 788 1073 partes
811 993 1033 1056 contrahentes
1062 1013 1179 1056 acon-

60 1101 151 1163 uobio
174 1099 279 1160 mhto
302 1097 529 1175 dehortentur3
558 1119 594 1160 re
609 1117 682 1159 vero
704 1118 768 1159 non
785 1097 921 1180 amplios
943 1101 1079 1181 integra,
1102 1096 1180 1160 edu·

62 1205 214 1284 ostionem
239 1201 429 1266 catholicam
451 1205 607 1282 omnium,
636 1210 691 1266 ant
720 1202 828 1266 saltim
856 1205 948 1268 nnius
970 1207 1073 1287 partis
1103 1222 1179 1287 pro-

61 1294 192 1402 liuhada
214 1314 286 1370 tuto
307 1316 435 1388 ponant.
467 1311 504 1383 b)
528 1310 563 1370 Si
580 1315 688 1391 partes
710 1309 741 1370 in
761 1308 923 1371 nonnullis
942 1311 1079 1388 casibus,
1098 1308 1198 1372 alio?

66 1417 128 1497 ιιὶιι
145 1433 225 1476 raro
245 1415 497 1492 occurrentibus,
521 1413 737 1477 educationem
755 1417 1019 1495 protestanticam
1039 1416 1180 1476 omnium

72 1519 196 1598 prodam
228 1520 357 1600 praevie
386 1517 621 1602 decrevissent,
650 1540 708 1581 nec
740 1521 779 1582 ab
801 1519 861 1582 hac
884 1520 1059 1599 sententia,
1089 1519 1180 1580 adhi-

76 1625 138 1688 litis
152 1623 236 1687 licet
256 1623 360 1687 modis
383 1624 538 1702 omnibns,
562 1624 714 1687 dimoveri
734 1623 875 1699 vaieauts
904 1644 963 1704 per
983 1624 1110 1687 modom
1132 1625 1182 1686 in·

10 1766 17 1843 ι
77 1729 263 1811 dulgentiac,
293 1737 325 1791 et
346 1749 445 1810 scopo
468 1729 675 1810 praecavendi
698 1732 818 1793 maiora
839 1729 944 1809 mala,
966 1729 1139 1809 totalisqoe
1162 1750 1181 1792 a

74 1836 137 1898 dide
159 1834 332 1898 catholica
362 1835 573 1915 deiectionis,
603 1838 698 1896 sitnm
731 1834 922 1898 catholicum
952 1834 1181 1913 adhibendum,

10 1952 18 1989 '·
73 1943 226 2021 nuntiasse
252 1941 482 2003 benedicendas
505 1961 576 2002 esse
598 1961 669 2002 cunm
690 1939 784 2020 ideo,
815 1961 855 2003 ne
878 1940 1004 2004 easdem
1026 1961 1105 2022 pure
1128 1959 1182 2001 co-

72 2065 125 2108 ram
144 2047 296 2108 ministro
319 2048 549 2125 protestantico
570 2047 652 2107 inire
675 2039 849 2127 cogantur,
877 2055 945 2111 tum
966 2067 1006 2109 nc
1029 2046 1182 2126 denegata

72 2150 283 2213 benedictione
321 2159 550 2231 consequenter
584 2153 679 2214 etiam
716 2152 868 2215 admissio
907 2153 948 2216 ad
978 2153 1182 2215 Sacramenta

69 2259 143 2336 parti
164 2253 342 2320 catholicae
366 2255 516 2336 denegari
541 2256 664 2319 debeat.
678 2255 741 2331 ⁸¹⁸)

560 2445 596 2539 s.
624 2448 686 2521 oa.

66 2586 285 2657 morspec
300 2582 537 2655 Bagiminis
554 2599 634 2657 pro
653 2600 722 2654 co,
740 2591 790 2643 ut
807 2585 988 2642 Parocisi
1002 2581 1184 2642 caenon·

66 2678 102 2735 si
121 2677 268 2736 saltim
294 2677 349 2734 ad
365 2676 724 2748 proclamationes
745 2676 1054 2746 instituendas,
1072 2678 1115 2732 ct
1131 2673 1183 2731 ii·
1279 2731 1280 2735 ,

66 2770 178 2827 tas-as
213 2769 521 2827 dimissoriales
566 2768 847 2826 extradandas
881 2767 1183 2839 disponantur,

66 2856 163 2918 itcns
181 2875 238 2916 ne
255 2859 526 2932 sponsionem
545 2875 677 2932 sospes·
695 2859 901 2918 catholica
925 2858 1114 2931 prolium
1138 2873 1182 2916 a·

68 2951 287 3011 ducationa
305 2967 331 3009 a
357 2956 478 3024 parte
497 2952 807 3026 protestantica
832 2950 1021 3022 exigant,
1038 2962 1183 3021 sex-ass·

418 3043 489 3103 nis
510 3046 633 3104 lm.
652 3047 694 3101 ct
714 3046 837 3101 188⁰.

162 3205 267 3266 Casus
289 3205 482 3267 matrimonii
503 3206 592 3266 mixti
623 3227 652 3267 a.
677 3209 767 3267 1823.
796 3205 831 3266 in
862 3202 1019 3266 Parochia
1042 3202 1182 3279 Campos

72 3306 200 3372 dunensi
222 3329 280 3370 nec
301 3307 496 3389 promulgati
516 3330 578 3376 nec
597 3310 758 3372 benedicti
780 3329 838 3390 per
867 3308 1042 3388 parochnm
1073 3306 1184 3378 catho-
1232 3296 1235 3303 ’

40 3405 47 3423 “
71 3408 180 3498 deum,
204 3420 237 3476 et
258 3413 448 3493 praesertim
469 3414 598 3495 querela
625 3434 684 3496 per
705 3420 813 3494 partes
835 3433 933 3493 super
964 3431 1001 3473 eo
1022 3409 1185 3490 Regimini

31 3556 35 3565 ·
71 3521 188 3597 posita,
221 3518 306 3599 quod
337 3538 413 3601 pars
435 3518 611 3599 catholica,
643 3538 722 3598 quac
752 3520 871 3599 quippe
899 3519 933 3578 in
965 3515 1185 3578 educationem

72 3626 204 3688 omnium
226 3624 367 3704 prolium
391 3611 600 3687 acatholicam
630 3629 852 3705 consenserat,
883 3641 942 3685 usu
963 3621 1186 3689 Sacramento÷

26 3784 30 3793 .
70 3747 130 3794 mm
151 3729 338 3811 prohibita,
367 3731 434 3792 sive
456 3736 729 3793 eccommcnicoca
759 3729 820 3791 sit:
849 3726 991 3808 longiori
1019 3726 1102 3813 inter
1123 3724 1186 3787 Οι-

70 3831 260 3899 dinariatum
280 3837 519 3918 Augustarum,
542 3844 575 3900 et
596 3837 750 3919 Regimen
771 3831 971 3898 Provinciaie
997 3849 1185 3914 correspon-
1268 3810 1277 3828 ‘

69 3980 304 4010 ,ᾐ-ί

134 4065 203 4129 317)
221 4071 311 4121 Mon.
331 4070 391 4121 129.
409 4085 471 4138 pag.
490 4069 551 4122 150.

133 4159 203 4225 318)
222 4161 310 4213 dion.
331 4161 390 4214 180.
408 4177 470 4228 pag.
489 4161 550 4214 116.
648 4200 655 4211 ,
