2798 4838
279 230 355 363 ’ς
588 264 820 340 -eoe-

130 431 192 475 suo
217 409 394 492 demerito,
416 430 446 474 v.
469 431 499 494 g.
522 417 684 474 contemtu
704 409 799 475 Fidei
822 408 1010 475 catholicae
1039 407 1145 494 palam
1166 415 1268 477 testa·

136 525 168 579 to
201 518 427 582 benedictione
458 538 589 600 prorsus
619 516 782 599 indignam
814 537 850 580 se
877 516 995 582 reddit.
1028 518 1130 582 Porro
1163 517 1269 601 quoad

140 644 268 691 examen
291 643 503 706 sponsorum,
526 629 559 687 et
579 625 756 704 respective
787 625 889 705 partis
907 621 1085 686 catholicae
1106 630 1180 689 ante
1200 645 1268 690 ma-

147 732 328 794 trimonium
359 730 612 811 instituendum,
649 736 681 792 et
714 750 777 792 non
808 728 904 792 modo
933 750 993 811 per
1013 733 1132 811 Breve,
1160 749 1270 795 rerum

150 838 233 899 etiarn
256 856 315 915 per
337 837 582 901 lnstructionem
605 836 761 920 Spiegelii
782 836 1036 922 praescriptum,
1057 836 1144 917 quod
1170 836 1269 899 Prae·

155 962 193 1005 ses
214 944 404 1005 Provinciae
426 949 483 1005 aut
502 945 632 1024 penitus
653 943 840 1018 intermitti,
872 947 927 1004 aut
948 948 1034 1005 certe
1057 963 1165 1007 coram
1195 962 1268 1026 par-

156 1055 178 1110 te
195 1050 427 1129 protestantica
448 1050 591 1129 institui,
622 1054 655 1111 et
675 1047 850 1132 parocbum
873 1048 969 1110 etiam
990 1069 1050 1130 pro
1073 1069 1150 1113 casu
1170 1050 1269 1114 inter·

158 1155 232 1216 nissi
253 1153 348 1236 culpa
369 1157 472 1237 partis
494 1153 672 1219 catholicae
694 1154 846 1217 examinis
869 1153 912 1216 ad
933 1152 1143 1219 extradandas
1158 1154 1270 1219 literas

160 1258 375 1323 dimissoriales
397 1261 589 1323 auctorisari
611 1261 820 1342 peroptabat,
842 1262 1007 1323 enunciata
1030 1281 1064 1324 se
1077 1261 1141 1324 boc
1159 1263 1193 1325 in
1203 1281 1271 1325 me·

160 1367 206 1427 rito
226 1366 390 1429 Praesidis
414 1365 575 1429 desiderio
599 1365 725 1428 deferre
748 1364 834 1429 haud
855 1385 971 1448 posse,
1003 1369 1100 1430 etin
1130 1387 1206 1431 casu
1228 1365 1271 1429 il-

160 1467 199 1549 lo,
220 1471 293 1533 dum
314 1491 389 1554 pars
412 1469 569 1535 catholica
592 1473 728 1534 examini
750 1491 785 1535 se
807 1473 967 1535 subiicere
987 1479 1134 1553 recusat,
1158 1471 1270 1537 velta·

109 1604 114 1611 ·
160 1572 181 1638 le
197 1578 321 1640 nonnisi
343 1578 377 1638 in
401 1578 582 1659 praesentia
613 1579 716 1658 partis
746 1578 995 1659 protestanticae
1026 1580 1136 1641 subire
1166 1580 1272 1661 cupit,

109 1682 115 1739 i
160 1683 395 1746 benedictionem
417 1702 592 1766 puerperae
615 1683 832 1764 denegandam
855 1702 936 1746 esse.
966 1683 1110 1747 Tandem
1133 1704 1193 1765 pro
1217 1704 1270 1748 ca·

109 1742 118 1867 i
161 1789 289 1868 sibus,
278 1809 312 1850 ιιι
345 1790 460 1869 quibus
483 1788 683 1851 matrimonia
714 1790 812 1851 mixta
834 1809 933 1869 penes
955 1791 1172 1853 assistentiam
1194 1809 1270 1870 pas·

109 1888 119 1963 ῗ,
161 1894 240 1956 rivam
263 1892 467 1974 coaluerunt,
490 1896 664 1976 parocbum
686 1893 833 1974 mulieri,
863 1901 939 1979 post
966 1901 1092 1977 partum
1121 1894 1269 1959 benedici

161 2001 281 2079 petenti,
303 1996 390 2062 clare
412 2002 454 2063 ob
475 1999 587 2063 oculos
609 2020 728 2083 ponere
758 2000 874 2063 debere
906 2002 1039 2064 asserite
1069 2021 1128 2082 per
1157 2001 1269 2064 buius-

161 2105 229 2168 nodi
248 2104 504 2169 benedictionem
525 2105 707 2168 nullatenus
730 2107 903 2187 approbari
934 2106 1076 2178 eiusdem
1105 2110 1269 2170 matrimo-

161 2211 248 2292 nium,
271 2210 458 2275 sedtantum
473 2232 585 2290 precer
602 2233 661 2294 pro
672 2211 762 2274 illius
778 2213 901 2274 animae
921 2209 1023 2275 salute
1033 2212 1191 2276 adbiberi.
1205 2211 1267 2288 ³¹⁰)

109 2400 111 2405 ,
241 2320 292 2380 Ex
312 2314 436 2401 literis,
459 2337 590 2397 quarum
607 2324 828 2398 argumentum
846 2320 1092 2399 proposuimus,
1109 2317 1212 2382 relate
1225 2318 1270 2382 ad

163 2423 308 2500 postulata
330 2423 494 2487 Praesidis
513 2424 699 2485 Provinciae
730 2423 902 2486 Rhenanae
938 2423 1060 2486 clarum
1089 2426 1145 2505 fit,
1175 2424 1269 2490 illum

109 2588 114 2615 ζ
162 2524 229 2592 ultra
251 2536 381 2591 tenores
403 2529 507 2608 ipsius
542 2530 771 2591 Contentionis
802 2526 1021 2592 Berolinenris
1050 2533 1267 2614 processisse,

162 2636 183 2691 et
198 2632 292 2714 plane
315 2655 440 2697 omnem
464 2637 706 2697 instructionem
729 2655 765 2695 ac
791 2654 923 2696 examen
945 2638 1047 2715 partis
1070 2637 1268 2718 catholicae,

109 2750 119 2765 “·
162 2741 348 2804 matrimonio
370 2718 707 2822 praemitti'solitum,
730 2740 898 2801 intermitti
922 2739 1081 2816 voluisse;
1104 2740 1205 2806 relate
1226 2742 1281 2806 ada

109 2860 116 2915 ι
160 2843 431 2928 drobiepiscopum
468 2865 542 2906 vero
574 2850 696 2905 tantum
727 2844 761 2906 id
802 2825 952 2924 apparet:
985 2846 1135 2924 quidnam
1165 2849 1194 2910 is
1226 2848 1266 2912 de

109 2968 117 3013 ι·
159 2954 256 3014 merito
281 2951 513 3015 benedictionis
535 2950 700 3032 puerperis
723 2955 799 3028 post
820 2954 944 3029 partum
967 2951 1200 3032 impertiendae
1217 2960 1266 3018 te·

109 3084 111 3089 ’
158 3060 267 3136 suerit,
291 3077 384 3119 sensa
406 3063 511 3119 autem
533 3056 623 3120 illius
646 3056 752 3135 quoad
774 3061 896 3116 ceteras
919 3059 1123 3134 quaestiones
1152 3063 1265 3124 mixta-

109 3150 112 3157 ’
157 3177 212 3225 rum
234 3165 439 3245 nuptiarum,
461 3169 559 3244 prout
582 3171 613 3224 et
643 3164 728 3224 circa
760 3181 816 3240 ea,
848 3182 929 3242 quae
958 3164 988 3225 is
1020 3163 1105 3246 apud
1137 3164 1267 3232 Clerum

109 3272 122 3329 ι’
156 3284 233 3332 suum
255 3270 479 3351 constituerit,
511 3270 639 3329 minime
669 3266 904 3348 intelliguntur.
938 3270 1116 3352 Utrumque
1147 3272 1267 3338 clarius

113 3370 116 3375 ’
155 3365 244 3457 liquet
266 3372 388 3440 exalia
418 3375 664 3456 Arcbicpiscopi
697 3373 834 3457 epistola
863 3375 904 3437 ad
935 3377 1070 3438 amicum
1102 3378 1269 3459 quemdam

156 3474 215 3545 data
239 3480 295 3544 dd.
323 3486 373 3542 13.
397 3481 476 3542 Maii
501 3485 593 3543 1837.
620 3478 681 3553 ⁵¹¹)
705 3480 780 3541 dum
798 3480 917 3542 diversi
938 3500 1083 3543 rumores
1107 3491 1171 3564 per'
1187 3485 1269 3547 Her-

154 3588 300 3649 nesianae
323 3585 486 3648 doctrinae
505 3585 655 3649 ¹addictos
677 3585 711 3646 in
724 3583 837 3664 vulgus
854 3586 958 3666 sparsi
976 3585 1120 3649 fuissent.
1156 3589 1192 3651 In
1208 3590 1269 3652 bac

155 3691 281 3771 epistola
304 3694 469 3772 sequentia
492 3698 604 3753 notatu
628 3689 723 3770 digna
744 3690 846 3752 refert
867 3689 1139 3772 Archiepiscopus
1170 3695 1269 3757 Dros-

153 3795 192 3859 te:
215 3802 250 3872 a)
275 3798 317 3860 Se
348 3800 382 3859 in
412 3799 661 3880 pertractatione
694 3796 969 3857 matrimoniorum
999 3798 1171 3863 mixtorum
1201 3807 1269 3865 tum

153 3892 242 3967 Breve
266 3903 319 3966 Pii
341 3903 425 3967 V111.
446 3909 515 3966 tum
538 3903 787 3967 Consentionem
809 3921 847 3964 ac
869 3901 1113 3967 instructionem
1142 3905 1271 3970 Beroli-

151 4061 383 4086 N-——u-nn-

213 4157 280 4224 510)
299 4161 391 4212 Mon.
410 4159 472 4211 197.
492 4173 554 4224 pag.
572 4157 636 4210 269.

176 4246 280 4388 Bbit)
299 4253 390 4303 Mon.
411 4250 471 4303 198.
490 4264 553 4317 psg.
573 4249 635 4303 272.
653 4249 717 4302 vic.
736 4250 892 4302 Athenariu
902 4198 1074 4319 iteratum.
1096 4247 1187 4305 1838.
1210 4253 1274 4306 711.

176 4341 251 4399 Β..ιι
270 4339 339 4394 140.
356 4343 387 4404 ff
