2798 4838
675 259 906 352 -aas-2

222 450 303 511 quae
332 427 373 490 ad
418 424 650 488 defendendam
686 424 839 506 principii
879 420 1032 486 catholici
1056 432 1190 488 causam
1227 445 1349 487 serarum

222 540 312 598 erant
328 535 486 615 partium,
508 550 706 612 nequaquam
730 532 988 610 intermiserunt,
1013 529 1071 593 sed
1094 533 1207 621 potios
1227 533 1350 592 morin

103 652 106 663 ’
219 641 441 721 frequentibus
477 637 694 699 Conferentiis
720 635 805 717 apud
833 634 1077 714 praelaudatum
1097 637 1276 698 Primatem
1300 636 1352 698 ha-

221 747 299 808 bitis
325 764 380 820 ea,
405 757 486 821 quae
504 739 711 822 Episcopalis
733 742 872 802 minueris
900 743 1058 820 poscebat
1076 745 1191 822 ratio,
1212 744 1249 803 in
1271 742 1352 803 futu·

219 871 290 913 rum
312 847 484 911 sancienda
501 853 533 909 ct
547 848 670 929 agenda
686 849 939 921 constituerunt3
962 867 1036 909 mon
1057 849 1092 909 in
1116 846 1265 928 publicis
1294 847 1352 908 (io-

130 1034 133 1039 .
220 959 384 1019 mitiorum
418 956 625 1018 consensibus
650 973 709 1034 pro
737 952 925 1014 defensione
949 951 1045 1014 Fidei
1074 939 1299 1032 orthodolrae‚
1316 959 1351 1013 et

218 1061 409 1142 praesertim
426 1056 603 1122 catholicae
631 1056 736 1138 quoad
761 1058 877 1119 mistae
902 1055 1071 1137 religionis
1102 1059 1270 1120 connubia
1300 1056 1351 1118 do·

219 1167 340 1230 eminae
361 1176 404 1226 'ac
431 1163 620 1226 universalis
653 1161 843 1245 disciplinae
874 1164 907 1224 iu
940 1182 1068 1224 arenam
1099 1163 1349 1240 descenderunt,

219 1274 321 1333 hocve
339 1289 475 1333 munere
499 1289 557 1330 suo
584 1290 715 1349 prorsus
731 1270 901 1349 insigniter
916 1268 1060 1330 defuncti
1076 1275 1163 1331 sunt.
1195 1270 1287 1331 Inter
1303 1288 1350 1345 ea,

220 1395 301 1458 quae
318 1377 377 1439 sub
393 1375 475 1455 ipsis
495 1375 645 1437 comitiis
664 1375 817 1454 edidere,
836 1362 991 1456 praeclari
1011 1373 1191 1453 apostolici
1207 1373 1275 1436 aeli
1292 1394 1351 1435 mo·

223 1486 394 1558 numento,
416 1480 608 1542 referimus:
639 1487 674 1553 a)
698 1481 1058 1543 Elnunciatlonem
1085 1481 1303 1542 Primatls
1321 1483 1350 1540 in

220 1588 373 1650 Sessione
396 1583 536 1647 Diaetali
570 1591 620 1647 64.
643 1586 695 1647 die
719 1592 770 1648 80.
800 1588 877 1648 Dec.
906 1591 997 1649 1839.
1025 1583 1192 1649 celebrata
1214 1606 1255 1648 ex
1277 1585 1350 1646 inci·

203 1674 308 1754 *denti
320 1690 433 1752 Nuncii
451 1690 596 1753 Statuum
613 1691 653 1753 de
667 1691 895 1753 Reversalibus
912 1695 971 1771 pro
998 1691 1107 1754 futuro
1126 1693 1244 1772 vigore
1272 1692 1348 1771 omni

219 1794 434 1859 destituendis
448 1808 509 1876 per'
525 1795 683 1859 Tabulam
700 1817 826 1877 quoque
841 1798 1013 1859 Procerum
1029 1799 1190 1878 acceptati
1219 1782 1351 1860 faciam:

220 1922 283 1984 ope
302 1902 393 1962 cuius
407 1901 532 1964 Primae
549 1921 620 1965 curn
641 1922 707 1964 suo
723 1909 789 1965 turn
821 1904 1120 1982 co-uptscoporum
1142 1905 1350 1986 nominepa·

223 2006 288 2070 lam
304 2005 499 2068 declaravit:
522 2026 557 2069 sc
576 2012 729 2092 illosque,
749 2013 783 2070 oi
796 2015 941 2071 marteris
965 2013 1120 2070 dicistitrts
1144 2014 1230 2086 ipsis
1249 2013 1352 2071 crediti

218 2115 482 2179 custodiendiae
514 2114 704 2189 defrendendi
737 2117 930 2177 Catholicam
965 2118 1097 2191 Fidem,
1129 2119 1294 2193 subsequa
1318 2119 1352 2210 ‚ia

220 2223 334 2297 mixtis
355 2198 567 2284 matrimoniis
582 2229 681 2296 prout
696 2237 741 2281 ea
755 2239 822 2283 aaa
833 2229 927 2298 parte
947 2225 1051 2296 mam
1069 2223 1217 2280 matium
1243 2229 1352 2298 porta·

220 2328 305 2403 iata,
320 2316 362 2384 'in
381 2332 538 2400 quantam
552 2328 639 2389 intra
652 2328 822 2402 sphaeram
845 2331 1010 2405 propriam
1035 2332 1231 2410 versantur,
1253 2331 1350 2389 odim·

220 2434 309 2507 plere
328 2431 536 2508 connisnros,
559 2433 606 2489 ita
617 2438 767 2508 parterm
779 2437 881 2493 attera
896 2437 932 2493 ia
953 2434 1199 2515 spiritualibus,
1220 2435 1359 2509 siquam·

221 2546 271 2597 ter
288 2539 324 2595 in
339 2551 507 2595 sacrorum
523 2537 646 2595 ritanm
661 2539 935 2598 administratione
952 2540 987 2596 id
1002 2546 1133 2597 actnros
1159 2556 1236 2600 esse
1244 2584 1255 2620 ,
1273 2542 1349 2615 qaod

220 2644 393 2717 lietipionis
414 2658 452 2700 ac
473 2643 634 2702 Ecclesiae
653 2645 813 2718 principia
833 2661 907 2703 vere
927 2647 1084 2704 intellecta
1106 2650 1139 2704 et
1155 2662 1222 2719 per
1243 2648 1345 2704 sedem

218 2749 432 2824 Apostolicam
447 2750 663 2806 recentissime
679 2756 864 2808 constanter
888 2747 1018 2822 defensa
1043 2754 1262 2825 poposcerint.
1278 2741 1344 2819 ¹⁰⁵⁴)

220 2850 794 2932 -b>Repraesentationem
816 2854 1133 2934 Episcoporum
1156 2853 1213 2916 ad
1235 2853 1345 2932 Regi·

103 3045 105 3050 Ι
218 2977 278 3018 am
301 2955 578 3018 Maiestatem
609 2954 663 3016 dd.
691 2957 888 3039 tiadanuar.
921 2962 1013 3019 1840.
1042 2959 1075 3018 in
1106 2979 1171 3037 qua
1205 2979 1246 3020 en
1276 2958 1346 3020 inci·

221 3061 310 3122 denti
340 3060 528 3121 attentionis
560 3060 707 3140 publicae
735 3081 793 3142 per
821 3063 946 3124 Literas
976 3061 1163 3125 Pastor-ales
1198 3063 1346 3146 Episcopi

220 3167 339 3244 Magno
361 3164 593 3228 Varadinensis
617 3169 789 3246 excitatae,
818 3170 895 3229 item
918 3167 1071 3231 conclusi
1095 3169 1284 3231 comitialis
1312 3168 1344 3229 de

220 3267 387 3331 abolendis
411 3267 660 3349 Revensalibus‚
691 3271 816 3333 demum
838 3274 1035 3336 diversarum
1058 3295 1096 3334 ex
1117 3281 1215 3356 parte
1239 3274 1344 3338 Distri-

218 3380 326 3436 ctuum
349 3372 815 3439 Vire·nrrht-utaconalium
837 3385 870 3442 et
900 3378 1108 3461 singularium
1131 3380 1342 3442 Parochorum

217 3477 514 3562 interpellationum
536 3481 622 3542 circa
643 3502 786 3545 normam
813 3484 846 3546 in
878 3487 1111 3566 emergentibus
1141 3494 1241 3548 matr.
1272 3487 1339 3548 min-

214 3595 321 3650 torum
342 3587 471 3648 casibus
496 3586 743 3667 observandam,
774 3609 866 3653 sensa
895 3604 953 3653 sua
974 3592 1007 3651 in
1030 3591 1187 3652 Sessione
1213 3587 1338 3654 Diaetali

214 3694 280 3754 iam
302 3691 472 3754 enunciata
488 3693 616 3754 uberius
626 3693 748 3775 Regiae
758 3696 922 3757 Maiestati
936 3694 1117 3778 exponunt,
1140 3696 1245 3778 idque
1260 3714 1336 3779 prae·

214 3798 329 3878 primis
353 3795 519 3859 evolvuntr
548 3794 651 3859 valori
673 3806 764 3861 matr.
786 3802 957 3862 mixtorum
979 3820 1086 3863 coram
1118 3805 1267 3881 parocho
1292 3819 1334 3861 ca·

214 3900 336 3964 tholico
359 3903 511 3963 initorum
533 3921 592 3983 per
613 3904 676 3966 lroc
698 3905 746 3967 nil
768 3906 939 3985 decedere,
970 3906 1074 3990 quod,
1104 3927 1170 3968 non
1194 3908 1334 3988 praestita

212 4008 361 4069 cautione
386 4005 425 4069 de
446 4005 540 4085 prole
564 4009 710 4073 universa
730 4013 763 4072 in
786 4012 869 4075 Fide
892 4012 985 4075 Catln.
1016 4010 1207 4095 educanda,
1239 4012 1332 4077 eaden

211 4110 300 4175 baud
320 4108 566 4193 benedicantur,
588 4135 647 4179 nec
669 4117 704 4178 in
725 4119 817 4182 artic.
841 4123 891 4180 26.
914 4139 943 4180 a.
968 4112 1081 4190 179⁰l1.
1114 4139 1178 4199 per
1209 4121 1245 4184 id
1272 4135 1330 4200 pec·

225 4235 473 4252 m

283 4322 368 4389 tona)
387 4327 473 4378 Mon,
493 4326 553 4381 368.
574 4344 636 4394 pag.
656 4330 716 4382 697.
