2798 4838
477 245 481 259 '
574 272 805 344 -sao-

123 420 302 506 aingulares
325 418 409 482 circa
432 417 653 480 educationem
688 413 928 497 religionartam
959 413 1101 497 prolium
1129 421 1245 479 uanas-

80 580 82 585 <
124 534 247 596 ottones
268 529 337 591 sire
359 531 495 606 sponte,
517 524 584 586 sive
608 521 649 586 ad
675 523 936 604 provocationem
963 523 1055 584 tertii
1072 523 1174 606 inire,
1194 541 1245 603 pro

124 657 201 700 casu
222 634 349 697 demum
366 631 512 711 passivae
529 631 733 691 assistentiae
755 627 865 710 proles
882 648 991 691 omnes
1007 629 1042 689 in
1066 629 1247 691 Coniesslo-

124 764 164 807 ne
184 736 365 820 evangelica
387 734 568 798 educandas
591 754 673 799 esse.
695 731 757 809 ⁸¹⁷)

11 921 15 931 Ι
225 849 299 909 300.
330 842 494 905 Christ.
524 840 669 904 Fried.
700 860 728 903 v.
752 841 941 925 Ammon,
975 844 1027 903 dte
1058 845 1247 919 qemtsehtea

121 959 234 1031 Eheu,
263 951 457 1011 uomentiieb
488 954 547 1009 aar
571 950 761 1009 Kathoiibea
790 955 862 1009 eard
896 951 1143 1026 Promwmen,
1171 951 1248 1009 acet

124 1069 186 1124 deu
200 1059 378 1121 Arastchten
393 1060 450 1116 dea
472 1055 746 1129 contemtores,
768 1059 826 1115 der
845 1057 1051 1132 Gaaehiebte,
1073 1060 1132 1114 dea
1148 1057 1247 1114 liech-

122 1177 187 1247 tes,
209 1168 279 1225 saud
300 1168 358 1222 dar
387 1155 594 1241 siccitatatem,
628 1163 688 1220 mit
708 1163 897 1220 besonderer
919 1162 1094 1221 Ruohatcbt
1114 1159 1184 1234 auf
1196 1167 1248 1220 dor

122 1275 265 1349 recipiam
292 1263 554 1339 zeitbadairfm‘aa.
584 1268 729 1325 Drasdea
756 1271 826 1325 uod
846 1266 1115 1342 baipzip.1839.
1148 1265 1245 1345 magni

122 1374 208 1459 apud
231 1374 452 1436 Protestantes
487 1370 627 1431 nominis
658 1367 868 1451 Theolopue,
898 1371 1057 1452 principia
1081 1369 1126 1433 de
1146 1371 1245 1432 mixtis

121 1479 334 1544 matrimoniis
357 1474 400 1541 ad
415 1476 606 1557 primitivam
624 1473 729 1538 cultus
747 1475 845 1536 divini
861 1470 1003 1537 normam
1028 1456 1182 1538 revocare
1197 1496 1244 1538 ro·

117 1586 192 1650 luit.
215 1584 402 1648 Generatim
420 1581 460 1643 de
476 1581 538 1644 boc
555 1589 741 1661 argumento
758 1582 952 1663 praemittite
967 1587 1060 1643 matr.
1078 1582 1179 1645 mixta
1193 1601 1243 1644 nec

119 1692 286 1774 religionis
321 1689 516 1750 christianae
541 1707 600 1748 nec
631 1689 767 1749 rationis
802 1687 972 1768 principiis
996 1707 1068 1750 esse
1097 1686 1242 1768 adversa,

118 1782 213 1884 proin
228 1796 401 1866 universim
415 1791 566 1854 interdici
582 1813 647 1854 non
664 1812 778 1872 possc3
802 1791 979 1854 Ecclesiam
995 1813 1097 1874 porro
1124 1795 1240 1857 nonnisi

119 1908 151 1967 in
166 1908 290 1965 tantum
309 1899 349 1961 de
366 1900 408 1960 iis
429 1896 600 1978 quidquam
620 1897 790 1978 disponere
803 1918 915 1980 posse,
938 1899 1147 1978 inquantum
1170 1901 1239 1962 tide-

115 2008 167 2072 les
183 1990 264 2072 taire
291 2005 333 2068 ad
355 2003 676 2083 indifferentiamum,
698 2003 764 2065 sire
796 2005 990 2090 apostasiam
1011 2003 1172 2070 inclinare
1192 2007 1238 2069 ad·

117 2118 273 2191 verteret,
294 2113 330 2171 in
344 2130 471 2171 omnem
487 2115 593 2170 tamen
615 2129 723 2170 casum
753 2109 836 2171 intra
867 2108 986 2172 limites
1014 2110 1171 2175 duntaxat
1190 2113 1236 2174 ad·

118 2218 304 2283 monitionis
324 2214 455 2276 eandem
472 2215 648 2278 consistere
667 2213 792 2276 debore.
816 2215 851 2274 lu
869 2217 977 2296 specie
1003 2223 1113 2279 sutem
1131 2222 1165 2293 a)
1190 2219 1233 2280 ad·
1264 2287 1269 2303 ,

117 2327 232 2390 strui-t:
255 2322 434 2386 characteri
454 2306 702 2382 universalitatis
723 2316 886 2400 Religioni
907 2341 924 2382 a
943 2321 1078 2385 Christo
1095 2324 1230 2386 fundatae

117 2432 249 2516 proprio
280 2445 459 2507 repugnare
484 2445 552 2487 eam
580 2423 805 2488 Catholicismi
830 2429 1086 2510 proprietatem,
1111 2431 1228 2513 quadiu

117 2559 155 2601 eo
175 2535 245 2600 solo
262 2531 350 2595 salus
371 2531 508 2592 obtineri
537 2536 649 2611 spireat3
682 2532 840 2612 principia
866 2533 990 2594 Christi
1017 2542 1049 2596 ei
1075 2535 1228 2618 Apostolo-

117 2664 187 2707 rum
202 2628 246 2702 ¹de
264 2638 466 2700 matrimonlo
486 2637 567 2698 adeo
584 2657 656 2698 esse
680 2636 860 2718 generalia,
883 2645 918 2699 ut
944 2642 1040 2701 etiam
1062 2642 1107 2704 ad
1129 2662 1225 2706 conns
1278 2643 1279 2650 ’

116 2752 170 2813 bia
187 2743 540 2810 cumam-christianis
558 2741 717 2822 adplicari
745 2743 886 2819 valeant3
917 2732 1091 2824 opiniones
1119 2751 1225 2813 Patron

118 2863 278 2918 tamesae
303 2852 461 2912 variantes
476 2848 611 2928 'sibique
636 2851 819 2929 oppositas,
848 2855 883 2910 ut
911 2871 948 2911 ex
969 2852 1013 2913 iis
1043 2874 1106 2934 pro
1140 2855 1224 2916 farore

110 2952 217 3025 ¹edicti
232 2957 440 3040 prohibitoril
457 2955 570 3017 horum
584 2956 814 3016 connubiorum
834 2954 915 3016 nihil
932 2954 1008 3020 elici
1026 2963 1145 3037 possit3
1161 2960 1225 3021 Con·
1272 3015 1274 3037 ,

115 3066 192 3130 eilia
221 3061 348 3126 tandem
373 3059 462 3122 nullo
488 3061 557 3125 iure
581 3062 736 3122 instructa
761 3060 883 3140 fuisse,
905 3059 993 3142 leges
1016 3073 1130 3128 contra
1151 3065 1224 3126 miris

118 3176 210 3234 matr.
228 3166 365 3230 ferendi.
380 3168 417 3239 b)
437 3168 516 3228 Cum
543 3165 724 3228 essentialia
750 3168 834 3227 inter
860 3169 1102 3232 matrimonium
1128 3172 1159 3233 in
1177 3170 1223 3231 llo

115 3275 215 3339 clesia
234 3269 422 3350 catholica,
446 3279 478 3333 et
493 3271 580 3353 apud
597 3274 816 3334 Protestantes
838 3270 1020 3336 differentia
1035 3277 1071 3338 in
1090 3297 1129 3338 eo
1147 3293 1222 3360 pona·

116 3389 187 3464 tur,
221 3376 308 3461 quod
338 3375 498 3439 Catholici
522 3377 558 3440 id
581 3397 640 3459 pro
665 3379 867 3438 Sacramenta
893 3378 1054 3463 habeant,
1085 3405 1148 3446 non
1165 3385 1220 3444 iton

113 3489 354 3553 Protestantese
377 3481 559 3563 contendit,
578 3484 775 3545 >sententiam
791 3482 873 3545 hanc
900 3483 941 3545 de
966 3491 1166 3568 proprietate
1184 3506 1219 3549 sa·
1268 3459 1281 3476 ἱ

114 3590 301 3659 eramentali
319 3590 514 3652 matrimonii
529 3609 593 3650 non
607 3590 725 3662 veteris
743 3586 942 3668 apostolicae
967 3592 1028 3653 sed
1053 3593 1218 3658 recentioris
1274 3633 1281 3672 :

113 3703 277 3765 Romanae
294 3694 459 3759 Ecclesiae
479 3697 647 3756 inventum
669 3714 759 3769 esse3
783 3692 841 3755 sed
865 3701 897 3757 et
920 3697 1084 3779 principia
1108 3696 1216 3763 Merui·
1275 3754 1281 3763 .

115 3806 318 3869 christianae
336 3803 370 3864 in
387 3802 567 3864 substantia
590 3799 702 3863 eadem
719 3819 789 3862 esse
805 3799 892 3878 apud
905 3801 1100 3870 catholico.
1115 3814 1146 3869 et
1159 3807 1214 3869 Pro
1275 3830 1281 3868 ς

114 3913 291 3973 testantese
313 3907 396 3990 unm
414 3927 476 3970 uec
492 3907 672 3988 dogmatico
688 3925 746 3967 nec
766 3903 879 3967 morali
905 3908 1021 3970 obtutu
1046 3920 1138 3977 matr.
1158 3910 1213 3975 nli·
1276 3931 1281 3947 ⁴

122 4060 369 4079 ὼ...-

185 4153 252 4220 817)
270 4157 471 4208 liecensiones:
491 4155 662 4206 Xatholtsehc
679 4155 908 4217 Xtrohcuacttoaa.
930 4157 1089 4220 honhart.
1107 4153 1211 4211 rasae
1279 4208 1282 4219 ,

147 4247 216 4303 148.
235 4276 270 4288 -·
290 4247 481 4300 Gersdori
507 4251 614 4305 neaera.
643 4249 718 4299 XXI.
744 4249 776 4298 B.
805 4262 829 4307 a.
860 4245 925 4301 129.
952 4273 990 4291 -
1011 4241 1210 4306 Rhainwali

3 4372 30 4553 p
146 4347 254 4404 neuere.
276 4342 377 4393 XXIX.
397 4342 430 4391 B.
449 4355 475 4397 u·
495 4337 563 4390 aet.
583 4336 654 4392 236.
821 4339 824 4355 ¹
