2782 4830
669 258 822 332 -me
847 296 899 312 -

706 544 743 640 §.
771 544 858 620 267.

483 713 728 797 niteretur*
754 725 805 772 ex
831 711 1002 786 lincoln·
1027 715 1095 775 lv.

324 882 398 942 391.
421 879 494 940 301.
526 872 797 957 Quemadmodum
831 875 864 936 in
895 874 1079 959 Literatura
1121 873 1243 958 prioris
1267 875 1340 958 lipo-

223 982 302 1048 cltae
324 979 401 1056 ¹⁰³⁸)
427 978 576 1063 opusculi
607 979 646 1043 de
672 986 758 1043 statu
781 963 1048 1060 Evangelieorum
1080 982 1115 1043 in
1139 982 1340 1062 Hungariaa

223 1092 378 1167 Gregorio
399 1090 592 1166 Berzcoitzy
613 1083 692 1147 editi
714 1085 905 1148 mentionem
927 1086 1083 1149 feeimnsa
1105 1087 1153 1150 ita
1175 1088 1212 1149 in
1230 1087 1340 1149 Litora·

222 1199 295 1257 tura
319 1180 498 1283 praesentis
522 1191 672 1273 Epoolrae
705 1197 835 1272 quartae
865 1192 1043 1272 praeterire
1074 1190 1224 1255 silentio
1270 1188 1340 1253 haud

221 1318 393 1381 possumus
417 1297 506 1380 paris
535 1298 711 1378 argumenti
735 1286 897 1359 libellum:
928 1297 1049 1360 Fcrd.
1072 1296 1340 1373 Friederich,

220 1413 387 1467 cormonte
418 1402 526 1477 Brtellc
566 1408 645 1465 tiber
673 1406 724 1464 die
755 1407 888 1466 ducrere
914 1407 998 1482 hoya
1027 1410 1085 1464 der
1113 1407 1341 1482 evanyclioctm

221 1513 343 1571 Kirclrc
372 1512 407 1569 tu
428 1512 567 1587 Unqum.
605 1512 736 1588 Leipziy
753 1513 852 1571 1836.
882 1508 915 1570 in
947 1528 1008 1590 quo
1039 1513 1144 1570 status
1179 1506 1340 1591 religiosus

221 1604 473 1677 Protestantium
490 1614 674 1696 Hungariae
699 1615 732 1676 in
758 1614 862 1676 forma
887 1611 1055 1695 epistolari
1079 1615 1293 1696 proponitur,
1317 1617 1341 1673 et

222 1737 293 1781 cum
315 1719 349 1780 in
373 1716 446 1781 aliis
470 1720 618 1801 punctis,
653 1726 720 1789 tum
745 1720 907 1800 incapite
938 1719 978 1781 de
1004 1721 1113 1781 mixtis
1140 1718 1341 1782 matrimoniis

221 1825 331 1907 praxis
362 1822 529 1888 Ecclesiae
559 1822 746 1887 Catholicae
767 1823 953 1904 vellicatur,
983 1825 1250 1886 Protestantesre
1273 1822 1341 1885 ultra

221 1935 352 1993 tenores
378 1927 462 2012 legis
486 1928 713 2012 religionariae
740 1925 884 2006 a.179⁰A
911 1950 970 2013 per
989 1927 1119 1992 (ilerum
1147 1927 1342 1992 catholicum

223 2041 258 2098 et
279 2035 435 2117 Regimen
455 2035 657 2099 vehementer
682 2036 803 2118 premi,
828 2035 1002 2098 adstruitur
1024 2029 1113 2109 ¹⁰³²).
1134 2052 1175 2078 -’
1209 2032 1341 2098 Libellus

221 2139 277 2202 hic
300 2138 435 2202 eundem
462 2160 555 2223 quem
584 2161 663 2223 opus
683 2141 834 2223 Gregorii
850 2143 1057 2222 Bernevitny‚
1079 2148 1197 2203 nactus
1221 2147 1270 2205 est
1294 2160 1342 2222 op-

221 2253 455 2329 pugnatorem,
477 2266 607 2308 munere
625 2267 682 2308 suo
698 2247 869 2327 insigniter
885 2246 1047 2331 functum,
1069 2245 1342 2311 Laurentium

222 2351 514 2433 Hohenegger
536 2348 633 2437 ¹⁰³⁵),
661 2332 899 2431 Bemerkunqen
933 2334 1026 2415 ritcr'
1042 2356 1235 2414 Fordinond
1257 2355 1341 2414 urte-

221 2457 358 2519 dcn'cle'c
379 2459 662 2531 vertrauteBriese
693 2463 772 2519 uter
794 2463 844 2520 dia
876 2464 1007 2520 docuere
1020 2462 1107 2536 naqa
1130 2464 1193 2520 der
1215 2461 1339 2536 mancat.

221 2565 341 2624 Kirclte
361 2567 397 2622 in
417 2565 557 2642 Uuyam.
581 2559 893 2636 Gran.1828.¹⁰³⁶)

325 2672 397 2730 393.
430 2658 607 2750 Gonony
640 2670 810 2758 Gxdrgy
842 2669 896 2738 (Ι).
926 2645 1187 2748 Albaregalensis
1213 2668 1338 2747 Presby-

221 2775 297 2845 ter.)
321 2770 453 2836 czo'zat:
483 2780 571 2854 mitty
593 2771 725 2855 ectetas,
747 2774 834 2834 mind
855 2770 938 2852 te'pds
957 2778 1150 2836 Kaclcotiiruo
1178 2770 1212 2834 e's
1238 2778 1338 2834 Prote-

120 2944 129 2957 ,
220 2889 351 2941 ulcorra
373 2877 473 2942 ne'zoe
488 2881 518 2941 α’
530 2884 648 2959 Veyycs
663 2873 857 2958 uocassent
878 2875 1229 2955 szdees-uejtrodrocc.
1252 2883 1338 2941 1835.

222 2985 346 3047 erudite
370 3005 434 3046 non
461 2986 566 3047 minus
592 3004 685 3065 quam
711 2982 815 3045 solide
845 2981 966 3045 refellit
1000 2982 1055 3062 ea,
1086 3002 1169 3063 quae
1198 2985 1235 3052 in
1263 2983 1338 3045 favo·

219 3109 287 3151 rem
308 3092 582 3152 matrimoniorum
614 3091 784 3151 mixtorum
819 3089 958 3171 proferri
990 3087 1112 3165 solent3
1145 3110 1246 3168 porro
1276 3109 1339 3151 enn-

220 3201 323 3257 merat
343 3193 486 3276 pericula
508 3193 642 3274 salutis,
668 3196 700 3256 in
720 3215 799 3275 quae
823 3215 897 3277 pars
921 3193 1080 3256 catholica
1102 3200 1170 3256 tam
1192 3198 1244 3258 sui
1260 3213 1336 3277 quan

219 3295 361 3380 prolium
380 3308 528 3382 respectu
553 3320 587 3362 se
612 3301 761 3379 coniicit,
792 3299 933 3362 ostendit
959 3302 1055 3379 item,
1084 3307 1213 3380 partem
1238 3303 1337 3364 Prote-

220 3405 406 3491 stanticam,
429 3406 524 3468 etiam
549 3407 702 3488 spectatis
730 3425 805 3468 suae
834 3406 1048 3467 consessionis
1073 3403 1228 3486 placitis,
1259 3409 1291 3469 in
1310 3402 1336 3464 id

219 3516 289 3572 tuto
314 3513 496 3573 consentire
523 3531 642 3592 nosse,
672 3518 707 3574 ut
735 3510 847 3592 proles
884 3530 992 3574 omnes
1025 3512 1059 3571 in
1084 3509 1262 3593 Religione
1286 3511 1335 3574 Ga·

222 3657 468 3683 Μ

289 3748 375 3816 1033)
395 3756 428 3805 ot
447 3747 619 3817 0163100.
644 3752 709 3805 383.
793 3746 795 3749 ’

288 3838 373 3906 1034)
386 3846 526 3896 ,uenenato
537 3844 979 3906 :beioztoerbtteratur·zettuoy.
996 3838 1086 3894 1826.
1095 3843 1151 3895 No.
1160 3839 1230 3895 103.
1245 3858 1271 3901 n.
1279 3838 1331 3892 816.

289 3929 374 3996 1036)
393 3939 426 3985 ef.
445 3930 468 3998 0.
485 3936 546 3988 262.
564 3939 614 3988 No.
638 3935 700 3987 390.

288 4021 373 4087 1036)
391 4027 592 4079 decensionem
620 4029 797 4088 ueniere,
827 4027 998 4089 ollumetoer
1024 4028 1179 4088 Relictam·
1203 4028 1259 4077 uod
1281 4024 1330 4075 ffir-

254 4117 424 4177 cteotreuod.
456 4119 608 4182 Wurzturq.
635 4117 725 4170 1830.
750 4132 776 4177 n.
804 4115 877 4171 834.
897 4115 969 4171 844.
994 4118 1024 4180 ff.
1043 4146 1080 4160 --
1095 4119 1279 4180 Besnsrd,
1293 4113 1329 4165 11-

225 4210 480 4271 ‚maur-zaetas
504 4211 551 4272 tor
576 4211 622 4263 ore
651 4213 722 4263 cau.
749 4210 940 4272 carcercareer,
966 4189 1055 4264 aare.
1081 4213 1133 4264 ιν.
1160 4213 1195 4264 n.
1222 4224 1249 4272 s.
1275 4202 1327 4261 17⁸.

253 4297 369 4362 1801.
