2798 4838
601 283 832 366 —244-
913 231 917 237 ⁴

149 445 209 508 ope
234 431 334 487 Notae
353 427 491 507 primum
515 423 752 487 confidentialis
775 423 1086 490 admonuisti.
1111 426 1186 492 dein
1209 429 1281 492 oto-

148 533 256 594 oiosae
280 530 319 592 de
344 536 373 592 l.
391 528 480 612 Sept.
503 534 596 592 1881.
620 551 657 593 eo
680 540 864 613 permovere
886 534 1068 615 nitebatur,
1104 542 1142 597 ut
1155 515 1291 599 tostum·

148 636 322 720 saepedicti
345 636 457 698 Brevis
478 637 513 698 iu
535 634 686 716 pluribus
708 635 792 700 loeis
814 640 1017 701 immutaret:
1039 641 1074 701 in
1096 642 1207 722 speeie
1229 661 1279 705 au-

148 749 230 821 teur,
256 749 291 805 ut
322 740 484 824 quaelibet
514 743 714 827 enuntiatio,
744 751 962 806 necessitatem
990 746 1203 824 prostrationis
1224 748 1277 809 Fi·

145 853 200 912 8οό
212 852 403 916 Catholicae
424 854 468 911 oo
488 852 623 910 satutem
644 850 845 929 exprimens,
869 849 1047 927 devitetur3
1071 870 1184 914 onmes
1207 853 1276 914 item

146 955 371 1038 expressiones
401 952 441 1014 de
471 953 670 1016 admonenda
702 962 774 1017 aute
811 956 940 1036 nuptias
977 963 1069 1038 parte
1108 957 1275 1039 catholiea,

146 1062 238 1140 eique
260 1062 294 1122 in
315 1065 453 1121 mentem
484 1059 672 1122 revocandis
700 1058 954 1141 obligationibus
977 1063 1063 1125 circa
1092 1061 1206 1141 proles
1230 1084 1274 1128 ca-

146 1153 269 1231 tlr'oliee
292 1164 499 1244 educandas,
529 1165 640 1247 prout
658 1168 754 1228 etiam
777 1168 848 1247 ipsa
878 1188 897 1228 a
919 1167 1139 1229 contrahendo
1171 1172 1273 1232 matri-

146 1275 252 1334 monio
277 1272 375 1334 mixto
400 1269 620 1351 dehortanda,
644 1270 829 1347 deleantur3
853 1272 977 1334 demum
1001 1279 1033 1334 et
1047 1271 1108 1334 illa
1125 1276 1270 1338 omittan-

145 1387 217 1457 tur,
241 1398 321 1458 quae
346 1376 570 1458 quoquomodo
603 1398 641 1439 eo
665 1385 830 1458 spectant,
860 1384 896 1439 ut
922 1379 1073 1458 parochis
1106 1379 1274 1460 quemlibet

144 1491 271 1564 actum,
295 1503 357 1564 quo
380 1485 509 1563 nuptias
533 1482 691 1545 eiusmodi
710 1486 889 1566 approbare
906 1484 1008 1546 videri
1029 1493 1185 1567 possent,
1208 1507 1271 1569 pro-

142 1591 285 1653 hibeant.
316 1589 396 1650 Cum
420 1588 568 1650 Summus
590 1589 740 1650 Pontifex
775 1589 818 1652 ad
849 1592 1090 1652 concesssiones
1113 1593 1194 1673 has,
1217 1596 1271 1656 uisi

132 1697 301 1780 principia
323 1692 492 1757 Ecclesiae
516 1701 548 1755 et
566 1694 665 1757 ‘Sedis
687 1693 896 1776 Apostolicae
927 1697 1119 1776 abnegaret,
1153 1717 1190 1761 se
1211 1697 1271 1760 nul-

132 1788 448 1887 iatenusacocdere
470 1819 568 1882 posse
592 1820 629 1862 eo
654 1800 763 1862 addito
789 1797 985 1880 declararet,
1009 1801 1095 1883 quod
1116 1804 1183 1866 iam
1201 1805 1285 1868 l‘ius¹

86 1942 88 1947 ·
135 1906 228 1971 viii.
252 1909 446 1970 Antecessor
469 1927 545 1967 suus
575 1907 608 1968 iu
632 1927 689 1969 sua
711 1905 910 1986 indulgentia
933 1927 1075 2006 equsque
1108 1931 1269 1989 processe·

143 2014 206 2096 rit,
229 2020 265 2074 ut
286 2011 395 2092 ultro,
427 2010 524 2074 salvis
547 2014 717 2095 principiis
741 2012 933 2093 catholicis,
964 2014 1099 2097 procedi
1122 2025 1268 2096 nequeat:

142 2120 354 2197 factumest,
387 2125 422 2179 ut
452 2118 553 2179 Breve
576 2119 628 2180 Pii
651 2119 735 2181 Vlll.
758 2120 930 2201 Episcopis
963 2140 1162 2202 nequaquam
1191 2143 1266 2186 com·
1304 2098 1307 2115 Ι

133 2225 378 2306 mundaretur,
409 2222 470 2286 sed
499 2242 598 2303 usque
622 2223 763 2287 medium
791 2227 866 2287 anui
891 2230 983 2288 1884.
1016 2225 1178 2305 berolini
1196 2228 1265 2292 deti·

139 2325 358 2400 necetur.⁴⁷⁷)

572 2564 576 2570 ι
633 2498 669 2591 §-
698 2501 784 2571 raa
833 2533 837 2552 ι

138 2703 390 2766 'temtamina
417 2701 649 2761 Minister-ii
675 2703 798 2771 Regii
816 2706 872 2760 asi
897 2703 1128 2777 Episcopus
1157 2709 1263 2780 ipses
1303 2782 1306 2787 Ι

137 2815 188 2858 eo
205 2797 534 2871 pes-movendam
552 2798 602 2850 ut
618 2795 795 2866 propr-lo
813 2799 933 2852 motu
950 2794 1098 2855 mitio's·
1124 2801 1263 2873 praxis

135 2892 250 2949 circa
268 2893 396 2947 matr.
414 2887 566 2959 mixta,
593 2902 681 2945 mors
710 2888 905 2945 obstante
931 2892 1060 2947 Brevi
1077 2893 1148 2948 Pii
1165 2895 1264 2952 vill·
1303 2944 1307 2963 ,

137 2983 285 3045 munci
303 2979 454 3053 poesie.
473 2979 558 3035 lsiu
582 2978 741 3036 restitit
766 2981 1121 3053 Arenteptseopue
1154 2989 1263 3046 cois·
1302 2976 1307 3033 i

304 3072 491 3140 niensis,
511 3070 808 3143 eoepiscopus
827 3074 1108 3135 ureris-ensis.
1295 3036 1307 3179 ’l

240 3277 403 3338 Summum
425 3275 616 3338 Pontificem
636 3296 656 3336 a
679 3278 852 3357 sententie,
874 3279 1042 3360 principiis
1067 3287 1100 3343 et
1119 3283 1261 3345 traditio·

132 3385 170 3446 ui
192 3384 353 3445 constanti
375 3380 541 3442 Ecclesiae
565 3381 691 3460 innixa,
715 3380 897 3446 dimovendi
919 3405 975 3467 spe
998 3386 1193 3452 frustratum
1209 3389 1261 3451 iti-
1301 3372 1307 3437 .·'

130 3490 302 3554 misterium
324 3488 547 3564 Borussicum,
571 3484 666 3548 aliam
688 3489 771 3550 viam
792 3491 883 3570 iniit,
913 3501 950 3552 ut
976 3492 1176 3556 intentiones
1197 3511 1259 3558 suar
1299 3406 1307 3547 l

130 3598 166 3660 irs
197 3595 346 3658 effectum
377 3592 560 3655 deduceret.
591 3592 685 3672 ipsos
715 3593 868 3658 videlieet
889 3598 1072 3677 Episcopus
1096 3600 1257 3664 Rhenauae
1303 3580 1307 3597 ²

129 3702 320 3766 Provinciae
350 3699 457 3761 medio
491 3696 679 3760 Consiliarii
707 3721 729 3761 a
752 3706 962 3780 Scbmeooo'op
978 3697 1066 3784 ⁴⁷⁸),
1098 3707 1255 3768 tentandos
1291 3714 1294 3719 '

129 3805 292 3870 decrevitr
316 3826 354 3867 an
376 3825 439 3867 nou
461 3806 563 3866 Breve
586 3804 638 3866 Pii
653 3804 738 3867 Vill.
760 3809 795 3869 in
818 3828 915 3871 sensu
936 3814 1064 3872 mitiore
1086 3813 1192 3892 sumi,
1211 3829 1253 3872 er-

136 3974 384 3988 *—

201 4078 267 4145 477)
288 4083 330 4134 Gi.
352 4083 708 4145 Uruanoocoeliarsreuonp
726 4087 774 4133 der
792 4088 968 4150 Tbotsoebeo,
986 4091 1083 4138 wetcoe
1098 4091 1146 4139 der
1158 4086 1244 4151 pesam·
1303 4138 1307 4159 1

163 4190 255 4228 samen
273 4177 452 4236 Wepfobraop
467 4177 513 4224 des
528 4175 610 4224 Erat.
626 4176 751 4226 concolor
762 4192 993 4242 ooroorpepoopeo
1010 4181 1067 4229 ooo
1082 4183 1179 4243 pesam
1190 4176 1239 4230 sot
1293 4196 1307 4261 ι

163 4273 218 4322 Aoo
232 4271 291 4318 orm
310 4268 596 4318 stateo-secretariam
614 4281 649 4318 aa
664 4270 744 4321 loom.
763 4271 944 4334 benenatum.
963 4269 1056 4324 1888.
1073 4288 1099 4332 n.
1118 4272 1188 4335 Μ.
1280 4264 1294 4357 ‚⁵

198 4356 266 4425 sis)
286 4363 314 4412 ct
330 4354 355 4424 i.
375 4360 437 4414 108.
