2798 4838
601 210 831 282 -162-

144 352 331 418 Resolutioa
354 350 413 416 sed
434 358 507 435 post
526 350 690 436 longiores
712 352 932 418 discussiones
955 373 1050 436 super
1072 356 1190 422 merito
1213 354 1270 421 illo

145 461 330 544 institutas,
352 479 433 522 anno
457 458 583 523 tandem
608 465 699 525 1827.
722 459 776 524 dd.
797 465 845 523 19.
862 461 1032 524 Februarii
1053 464 1212 528 emanavit
1227 463 1270 527 sic

146 565 267 628 dictum
290 564 535 628 Mandatum
557 567 736 648 Regium
768 567 853 628 circa
875 565 1151 630 coordinationem
1172 569 1267 632 iuris·

146 671 299 735 dictionis
321 668 489 735 Ecclesiae
513 670 720 751 Catholicae,
750 677 782 733 et
802 669 989 734 relationem
1013 671 1203 737 Catholioos
1222 675 1267 737 in·

144 783 194 840 ter
216 782 248 838 ct
269 777 490 840 Protestantes
512 782 705 854 vertentem,
735 778 768 839 in
792 796 892 857 eoque
924 776 1030 859 quoad
1056 798 1126 840 rem
1155 780 1264 843 mixto-

144 903 214 945 rum
245 883 465 964 coniugiorum
493 882 636 945 decisum
667 887 735 944 est:
773 884 807 956 a)
831 883 988 963 parochos
1011 883 1192 948 catholicos
1220 885 1262 948 ln·

143 990 226 1050 tuito
256 986 518 1068 proclamationIs
551 995 583 1050 et
613 986 826 1069 copulationis
855 990 1130 1052 matrimoniorum
1159 991 1194 1052 in
1213 1011 1280 1074 ges

143 1113 218 1159 nere
239 1090 470 1174 iisdemplane
493 1095 658 1174 subjacere
680 1092 826 1174 legibus,
858 1113 938 1175 quae
967 1095 1001 1157 in
1026 1095 1151 1159 Codice
1173 1095 1261 1161 cinti

142 1200 206 1260 iam
228 1204 321 1260 antea
341 1217 401 1279 pro
422 1196 624 1281 Evangeiicis
646 1200 862 1281 praescriptae
884 1199 1050 1264 habentur.
1084 1203 1123 1274 b)
1146 1202 1182 1264 ln
1203 1223 1259 1266 ma·

143 1303 304 1366 trimonlis
336 1305 443 1365 mixtis
475 1304 639 1366 ordinarie
668 1304 841 1386 parochum
864 1324 1002 1387 sponsae
1024 1304 1200 1389 copulare,
1225 1305 1259 1370 li·
1290 1314 1297 1323 '

141 1411 253 1472 berum
275 1414 380 1470 tamen
403 1429 530 1471 manere
555 1410 745 1488 desponsis,
768 1411 863 1472 etiam
884 1410 1060 1492 aparocbo
1084 1414 1261 1492 spousics·

141 1513 339 1596 prolationem
368 1535 405 1577 ac
426 1515 680 1592 benedictionem
702 1517 857 1597 recipere.
892 1517 925 1589 c)
950 1516 984 1578 ln
1006 1517 1123 1578 merito
1154 1517 1262 1581 educa·
1287 1510 1297 1601 J

141 1621 241 1682 tionis
262 1617 490 1700 religionariae
521 1620 661 1702 prolium
690 1641 750 1684 nec
778 1621 961 1703 parentibus
991 1640 1050 1683 nec
1070 1621 1132 1701 lis,
1161 1624 1262 1704 quiin

140 1723 271 1795 iliorum
290 1724 422 1802 deiectu
444 1724 578 1788 tutelam
600 1734 714 1808 gerunt
736 1724 893 1812 prolium,
926 1725 1024 1790 uliam
1046 1729 1110 1790 vim
1134 1749 1173 1803 ac
1194 1749 1262 1793 cos·

140 1832 277 1893 ctionem
299 1831 437 1912 imponi,
469 1831 527 1893 sed
548 1838 650 1895 totam
673 1834 758 1894 circa
780 1833 938 1914 objectum
960 1832 1050 1896 istud
1078 1832 1260 1916 dispositio·

142 1955 214 1997 nem
233 1935 349 1998 iisdem
374 1939 561 2017 parentibus
583 1936 635 2001 vel
656 1939 817 2000 tutoribus
840 1935 969 2000 deferri.
999 1937 1035 2011 d)
1060 1939 1200 2002 Cautum
1218 1946 1259 2003 at·

8 2104 12 2112 ,
141 2047 247 2104 tamen
278 2060 370 2122 esse,
406 2045 594 2125 apersonis
625 2042 768 2105 diversae
794 2041 963 2123 religionis
993 2046 1052 2106 sub
1081 2056 1264 2130 quocunque
1295 2124 1297 2139 Ι

140 2130 309 2229 praetexto
339 2145 411 2209 ante
435 2147 670 2228 copulationem
701 2168 798 2227 super
819 2148 997 2210 futurarum
1026 2148 1171 2229 prolium
1191 2149 1257 2213 reli·
1293 2142 1297 2187 ¹³

140 2253 236 2334 gione
268 2251 474 2331 sponsionem
504 2271 541 2314 ac
571 2253 816 2333 promissionem
847 2255 982 2334 exigere.
1019 2257 1051 2327 e)
1077 2253 1255 2318 catholicos

140 2378 212 2420 cum
233 2352 437 2437 Evangelicis
459 2379 478 2419 a
499 2356 628 2419 vinculo
652 2358 854 2441 divortiatis,
877 2357 978 2423 donec
1000 2379 1075 2440 pars
1097 2359 1198 2423 altera
1216 2360 1254 2422 vl·

141 2464 205 2542 vit,
227 2462 429 2525 matrimonio
450 2463 540 2545 iungi
562 2463 648 2526 haud
669 2484 775 2545 posse.
795 2462 857 2537 303>
877 2496 914 2508 -
950 2464 1099 2528 instituta
1122 2465 1252 2530 Mandati
1287 2522 1297 2551 ξ

138 2569 235 2653 banjos
269 2568 365 2649 Regii
394 2565 468 2630 cum'
495 2568 695 2652 reliquorum
732 2570 922 2633 Germaniae
953 2570 1099 2633 Statuum
1139 2570 1249 2655 legibus
1287 2604 1297 2647 ,-

138 2675 394 2758 comparatione,
418 2683 572 2754 apparet,
594 2673 677 2737 iilud
697 2675 749 2736 his
769 2674 836 2736 lere
854 2675 999 2738 omnibus
1017 2674 1156 2757 palmam
1171 2696 1248 2763 prae·

134 2782 254 2863 ripere,
276 2787 345 2843 tum
368 2778 455 2862 qrrod
478 2781 637 2860 parochos
661 2778 838 2843 catholicos
856 2781 898 2842 ad
920 2779 1158 2861 copulationem
1178 2784 1245 2847 mix·

135 2894 241 2951 torum
280 2886 509 2949 connubiorum
541 2887 653 2966 qumvis
693 2888 727 2946 in
758 2906 835 2948 casu
863 2887 1016 2948 inomisse
1045 2888 1244 2971 peragendam

135 2993 265 3056 minime
288 2993 443 3071 stringat3
474 2997 541 3052 tum
564 2990 652 3072 quod
673 2989 799 3072 plenam
821 2993 1008 3072 coniugibus
1030 2992 1192 3077 relinquat
1214 2990 1247 3054 li·

33 3158 36 3164 .
135 3101 310 3175 bertatem,
333 3095 373 3157 de
398 3095 586 3158 educatione
608 3095 747 3176 prolium
769 3095 974 3177 religionaria
997 3105 1089 3180 pacta
1111 3097 1249 3172 ineundie

133 3210 202 3269 tum
225 3202 361 3283 denique
384 3201 472 3281 quod
493 3201 644 3282 parochis
665 3201 833 3265 catholicis
856 3205 1048 3265 nativitatem
1071 3202 1251 3289 disponendi

132 3308 257 3399 partem
279 3305 470 3370 catholicam
490 3306 534 3383 ad
557 3327 612 3387 ea,
641 3329 721 3389 quae
744 3329 782 3370 es
803 3296 971 3390 principiis
996 3309 1163 3375 Ecclesiae
1185 3329 1250 3374 sune

133 3421 208 3480 sunt
229 3410 456 3494 obligationis,
480 3410 660 3494 implenda,
692 3412 799 3475 saltim
821 3415 918 3475 tacite
940 3435 1001 3476 non
1025 3415 1164 3498 adimat,
1186 3417 1251 3498 quia

36 3541 42 3553 ·
132 3521 285 3587 duntaxat
315 3518 349 3580 id
379 3519 549 3599 prohibet,
589 3538 628 3580 ne
660 3520 793 3598 sponsio
831 3539 867 3580 ac
898 3521 1070 3600 promissio
1103 3524 1251 3605 exigatur.

131 3628 279 3698 Mandati
305 3625 400 3705 Regii
430 3625 595 3686 tenoribus
626 3642 683 3705 per
714 3625 909 3688 Vicariatum
940 3626 1165 3707 Apostolicum
1192 3631 1253 3692 lto·

131 3754 214 3796 mam
236 3729 389 3814 perlatis,
428 3730 511 3790 Leo
535 3729 616 3790 xil.
648 3749 706 3811 per
727 3728 839 3792 literas
862 3728 915 3792 dd.
937 3736 966 3792 2.
983 3731 1071 3812 Sept.
1092 3738 1188 3799 1828.
1208 3737 1252 3797 in-

29 3831 33 3837 ’
133 3837 252 3901 ᾱιιῙιίιι
283 3845 318 3897 ut
333 3835 481 3899 Vicarius
500 3833 725 3915 Apostolicus,
749 3835 821 3897 dum
843 3842 1060 3916 opportunum
1082 3841 1253 3920 censuerit,

129 3947 265 4008 eiurata
287 3940 500 4023 promissione
525 3958 623 4020 super
637 3938 794 4002 catholice
818 3924 991 4031 educandis
1015 3941 1164 4020 prolibus
1183 3966 1254 4032 par·

129 4059 179 4116 ιιι
201 4047 387 4128 dispensare
409 4047 531 4127 possit;
554 4045 587 4106 in
606 4065 642 4107 eo
662 4051 767 4108 tamen
791 4047 934 4111 oneravit
948 4047 1071 4111 Vicarii
1088 4054 1254 4117 conscien-

144 4191 388 4216 unu—*⁸⁸⁸⁶*-

136 4348 139 4353 q
202 4281 269 4347 aba)
288 4283 377 4338 biom
398 4279 457 4333 121.
475 4294 535 4346 pag.
557 4281 617 4332 iit.
