2798 4838
458 273 459 276 ¹
584 245 811 316 -lus—

133 395 271 477 signiter
297 395 510 456 manutentum
539 388 665 470 inisse,
695 389 758 451 duo
786 389 934 470 inprimis
965 388 1053 470 iique
1083 377 1254 451 admodum

133 496 359 566 memorabiles
381 516 474 559 casus
497 515 535 559 ex
556 493 1097 577 annis1823-1825.,ostendunt,
1119 513 1203 575 quos
1220 514 1253 557 es

133 606 217 688 ipsis
247 603 469 668 Ordinariatus
497 602 588 664 Actis
622 602 789 664 nobiscum
824 598 976 663 benevole
1013 602 1253 671 communicatis

133 710 315 774 referimus.
342 710 435 771 Auno
457 707 605 770 nimirum
628 711 719 777 1828.
742 705 795 769 dd.
814 710 866 768 28.
876 706 1072 788 Septembris
1089 707 1253 777 Parochus

134 819 405 895 comportassent
438 814 625 894 (llempten)
660 812 755 896 petiit
784 810 869 894 apud
899 811 1160 888 ordinariatom,
1187 813 1251 875 Br-
1289 846 1293 901 ἰ

132 939 238 984 rone
259 941 278 982 a
299 919 578 1000 Frauenberg
598 918 776 999 Episcopo,
790 917 924 979 instruis
947 936 990 978 ass
1007 921 1251 999 matrimonium,
1288 904 1293 1021 l

134 1033 223 1106 quod
241 1031 326 1087 iuter
347 1029 504 1102 Sponsum
525 1028 718 1096 catholicum,
735 1032 767 1086 et
785 1040 932 1101 sponsum
954 1027 1165 1085 acatholicum
1184 1040 1250 1085 cust
1287 1034 1293 1101 t

131 1134 262 1211 praevie
282 1133 434 1207 stipulatu
453 1110 592 1208 prolium
611 1133 647 1190 io
661 1127 859 1204 cousimsioue
878 1132 1050 1190 lutbcrcuu
1070 1131 1251 1191 educamus

134 1239 252 1299 initum
273 1245 336 1313 est,
355 1239 557 1313 promulyore
577 1238 644 1296 ritu
664 1243 813 1296 consueto
834 1242 867 1296 et
880 1237 975 1294 subin
990 1237 1173 1296 benedicere
1185 1251 1250 1311 poc·
1290 1252 1293 1315 j

134 1333 202 1404 sui
232 1339 455 1416 Ordinariatus
477 1358 536 1401 nec
556 1337 753 1421 promulgari
773 1358 833 1401 nec
854 1338 1000 1401 benedici
1021 1338 1252 1401 matrimonium
1289 1328 1293 1429 j

134 1445 225 1511 istud
245 1444 385 1521 admisit.
415 1445 480 1508 Sed
501 1443 584 1508 alter
605 1464 716 1522 casus,
739 1446 794 1527 qui
816 1448 955 1507 ι.1825.
977 1444 1166 1523 intervenit,
1187 1440 1251 1523 plu·
1287 1446 1293 1555 j

135 1553 225 1615 ribus
246 1548 406 1632 implexus
436 1561 505 1613 erat
525 1549 770 1614 difficultatibus
798 1549 988 1630 praeprimis
1018 1568 1056 1610 ex
1085 1567 1143 1627 eo,
1174 1545 1253 1629 quod
1288 1560 1293 1637 ι

136 1658 313 1720 sententiae
333 1657 491 1738 Episcopi
512 1653 690 1721 Alberti
712 1656 910 1736 alliegg,
942 1660 974 1717 et
995 1653 1118 1718 Vicarii
1139 1672 1179 1714 ac
1200 1651 1253 1715 0i·
1291 1640 1293 1645 ’

136 1759 254 1825 licialis
284 1763 428 1843 Egger
455 1763 495 1824 ab
516 1747 651 1828 invicem
671 1760 929 1841 discrepaverint.
961 1761 1041 1823 (ium
1061 1777 1176 1840 nempe
1204 1755 1252 1821 dl.

139 1872 190 1929 17.
207 1865 311 1947 April.
333 1871 425 1928 1825.
447 1867 614 1930 Parocbus
632 1865 906 1946 Campoduuensis
927 1885 1039 1928 rursus
1062 1883 1172 1927 casnm
1193 1881 1252 1925 ma·

135 1970 287 2034 trimonii·
310 1972 421 2055 mixti,
452 1973 486 2032 in
515 1991 578 2052 quo
608 1972 750 2052 Sponsus
782 1968 972 2033 Catholicus
1009 1989 1119 2033 omnes
1150 1965 1250 2051 proles
1290 2006 1293 2011 -

140 2095 217 2141 suas
249 2077 283 2139 in
305 2076 509 2139 confessione
542 2097 681 2157 sponsae
702 2075 888 2139 lutheranae
919 2075 1099 2138 educandas
1131 2094 1167 2138 se
1187 2093 1250 2156 per·
1285 2126 1293 2161 ·.

137 2182 310 2247 missurum
337 2182 464 2264 praevie
488 2182 680 2266 spopondit,
709 2181 884 2246 Vicariatui
912 2202 971 2263 pro
995 2181 1161 2243 decisione
1190 2196 1250 2241 eum
1287 2168 1291 2173 ⁸

139 2305 178 2350 eo
210 2288 448 2366 substerneret,
485 2307 520 2349 se
549 2287 756 2350 fundamento
786 2289 948 2367 Rescripti
977 2286 1202 2351 Ordinariatus
1226 2303 1249 2347 a
1283 2270 1293 2383 l

141 2395 234 2453 1828.
255 2391 289 2452 in
310 2388 411 2454 simili
432 2411 507 2454 casu
539 2391 619 2455 editi
647 2399 712 2455 tam
733 2391 1007 2473 promulgationes
1037 2412 1133 2473 quam
1162 2408 1250 2472 copu·
1289 2402 1293 2435 ²-

138 2493 292 2559 lationem
314 2495 537 2577 denegavisset
552 2494 556 2504 '
569 2495 718 2561 Vicarius
741 2499 921 2560 Canonicus
941 2498 1050 2578 Egger
1070 2493 1251 2559 resolutioni
1289 2480 1293 2485 ’

140 2602 216 2666 anni
239 2605 330 2664 1823.
361 2602 568 2664 conformiter
597 2602 777 2664 Parochum
805 2622 842 2664 eo
863 2604 1013 2682 inviavit,
1041 2608 1078 2664 ut
1104 2603 1146 2664 ab
1167 2600 1251 2664 insti·
1287 2674 1293 2689 Ι

60 2773 63 2776 ,
139 2706 268 2771 tuendis
290 2705 595 2789 proclamationibus
626 2713 659 2769 et
679 2707 902 2770 benedictione
924 2708 1102 2785 abstineat,
1135 2707 1252 2788 hocque
1290 2786 1293 2791 Ι

138 2813 249 2896 ipsum
272 2814 437 2894 Episcopo
465 2815 604 2895 alliegg
632 2815 695 2876 fine
718 2813 909 2876 obtinendae
941 2813 1181 2874 ratihabitionis
1209 2807 1253 2873 dd
1289 2850 1293 2861 ι

138 2914 423 3000 enupsissent.
451 2921 710 3000 repraesentavit.
748 2920 828 2999 Qui,
858 2938 920 2979 non
951 2921 1098 2981 obstante
1130 2917 1255 2979 circum-

140 3025 260 3088 stantia
289 3020 365 3102 illa,
400 3023 487 3103 quod
518 3026 656 3087 omnium
684 3022 824 3107 prolium
854 3043 891 3086 ex
912 3024 1011 3084 hocce
1040 3023 1192 3104 coniugio
1213 3020 1255 3102 gi-
1290 3030 1293 3097 ξ

14 3178 16 3183 ,
58 3198 63 3209 ,
141 3128 337 3211 gnendarum
361 3127 507 3189 educatio
528 3128 561 3189 in
583 3130 828 3193 Lutberanismo
844 3129 970 3210 praevie
993 3125 1147 3210 stipulata
1167 3126 1257 3204 iorei,

144 3253 215 3295 cum
238 3239 270 3295 et
290 3231 555 3314 proclamationes
577 3242 746 3299 consuetas
774 3243 807 3299 et
825 3233 927 3298 ‘solito
949 3235 1014 3295 ritu
1035 3231 1257 3296 instituendam

142 3335 378 3418 copulationem
405 3338 590 3401 aParocho
627 3340 767 3421 suscipi,
806 3339 889 3401 datis
927 3339 1101 3401 Monachio
1132 3342 1163 3402 4.
1184 3334 1258 3400 Maii

143 3446 237 3505 1825.
258 3441 302 3504 ad
321 3441 483 3506 Vicarium
506 3439 633 3522 literis,
663 3442 876 3506 decrevisset:
914 3444 990 3524 hic,
1011 3446 1044 3506 in
1067 3442 1259 3505 conscientia

141 3567 317 3630 persuasus
347 3547 387 3610 de
417 3547 589 3629 opposito,
618 3566 653 3609 se
683 3547 808 3611 scilieet
837 3549 983 3610 Paroeho
1013 3567 1073 3630 pro
1102 3548 1260 3611 boccum

142 3653 261 3734 talem,
296 3651 399 3734 qualis
429 3670 488 3734 per
516 3651 702 3715 Praesulem
737 3652 986 3732 decernebatur,
1020 3655 1262 3716 instructionem

142 3759 220 3822 dare
235 3758 323 3823 haud
339 3778 457 3840 posse,
479 3760 627 3822 meritum
642 3758 704 3820 hoc
721 3757 868 3822 Praesuli
891 3757 944 3822 dd.
965 3765 1014 3822 10.
1023 3759 1157 3822 Octobr.
1173 3762 1263 3823 1825.

145 3864 250 3927 denno
270 3865 540 3946 repraesentavit,
570 3866 700 3928 uberius
721 3871 881 3946 momenta
900 3863 959 3926 illa
981 3884 1165 3946 exponens,
1195 3863 1263 3945 qui-

143 3971 205 4033 bus
227 3987 262 4032 se
284 3970 318 4030 in
340 3971 535 4033 conscientia
556 3970 885 4054 prohiberieensuit,
908 3972 1076 4051 quominus
1099 3971 1264 4033 matrimo-

143 4074 231 4136 nium
260 4074 295 4136 in
324 4076 542 4154 quaestionem
573 4082 743 4139 attractum
772 4076 959 4138 aParocho
990 4073 1160 4139 catholico
1199 4077 1267 4139 ritu

141 4176 310 4242 Ecclesiae
334 4185 486 4244 consueto
513 4180 664 4245 benedici
693 4182 864 4266 permittat.
903 4182 938 4243 ln
959 4181 1267 4264 Repraesentaiione

140 4282 201 4349 bac
222 4281 429 4352 solidissimis
447 4288 646 4370 argumentis
667 4307 758 4355 suam
772 4293 879 4354 tuetur
896 4286 1044 4354 Vicarius
1061 4288 1269 4369 sententiam,
