2798 4838
544 253 749 322 „ffl-

119 397 226 476 uiant,
247 396 512 477 matrimoninque
533 396 565 458 in
587 397 711 459 ratione
728 400 912 459 contractos
926 390 1032 459 selide
1049 394 1129 459 inita
1145 402 1219 459 cem

111 503 225 578 sehant;
245 499 305 565 sili
328 521 402 564 vero
424 499 564 564 concilii
586 499 769 564 Tridentini
800 500 1022 564 sanctionibus
1051 500 1219 565 inhaeres·

110 615 164 686 tes,
183 605 274 669 nullo
298 606 394 669 modo
423 605 560 668 ralldum
590 607 739 669 tenebant
766 605 1019 685 matrimonium,
1049 603 1138 687 pund
1159 618 1221 670 mo·

111 733 158 777 am
176 713 323 798 parocho
347 719 379 773 et
401 710 524 774 duobus
546 712 679 774 testibus
702 709 896 775 celebratum
918 731 981 772 non
997 710 1103 794 foret,
1119 708 1219 773 adeo·

111 838 151 901 ιιι
174 825 274 882 sotus
299 837 426 898 quoque
456 816 533 881 illos
555 815 762 885 intermedius
796 818 843 881 uti
864 814 1019 895 illicitos,
1039 821 1075 879 et
1094 813 1219 900 prolem

111 944 252 1006 mquam
274 921 478 1003 illegitimam
512 922 681 985 habehant.
712 952 750 969 ·-
781 921 973 984 Benedictus
996 920 1060 984 1²1¹.
1089 926 1221 1002 sccopts

111 1027 248 1093 elatione
272 1027 315 1090 dc
339 1028 400 1089 hoc
422 1030 557 1106 merito,
580 1027 754 1109 auditoque
776 1027 873 1107 prius
897 1024 1035 1089 consilio
1066 1024 1221 1088 cardina·

114 1154 163 1198 uns
185 1140 224 1197 et
245 1131 509 1218 'theologorum
533 1135 587 1214 qul
610 1133 821 1195 concordibus
843 1130 1007 1214 suffragiis
1027 1150 1089 1214 pro
1121 1129 1221 1194 nulii·

111 1247 152 1305 ee
179 1240 386 1304 matrimonii
417 1241 449 1300 in
478 1238 641 1320 praedicto
666 1259 741 1301 casu
772 1244 948 1317 eicientem,
975 1237 1040 1299 nisi
1067 1237 1114 1299 ita
1144 1254 1221 1298 cers-

111 1346 254 1410 slsentcs
278 1342 331 1406 vci
353 1351 426 1405 ante
448 1345 498 1406 vel
522 1352 595 1427 post
617 1345 709 1407 illum
732 1364 839 1406 coram
862 1342 1054 1425 Magistrum
1076 1327 1132 1404 sert
1160 1342 1221 1404 mi-

112 1452 187 1516 huo
212 1452 385 1512 haeretico
417 1460 542 1530 actum,
571 1453 602 1512 iu
634 1452 813 1533 praesentia
844 1448 976 1530 parochi
1007 1445 1159 1510 catholici
1187 1453 1221 1510 et

112 1576 226 1621 norum
258 1557 394 1618 testium
425 1559 659 1618 matrimonium
700 1559 761 1618 rite
792 1552 1028 1619 ecichrsssente
1065 1551 1150 1614 datis
1179 1549 1220 1614 ad

112 1664 323 1726 lissionsrios
348 1661 402 1723 dd.
426 1668 474 1724 17.
498 1662 585 1745 Sept
611 1667 703 1724 1746.
734 1661 858 1741 literis,
887 1663 985 1722 Paulo
1008 1661 1131 1720 semeae
1150 1676 1172 1718 o
1187 1661 1220 1719 S.

112 1771 234 1848 issspho
247 1768 436 1848 inscriptis,
460 1787 526 1829 rem
548 1776 784 1830 controversam
806 1764 952 1846 coquenti
974 1752 1099 1825 ratione
1133 1760 1223 1824 doci·

112 1872 162 1936 lite
179 1873 392 1937 Matrimonia
414 1894 433 1935 a
455 1873 633 1936 Catholicis
655 1876 739 1936 inter
761 1893 795 1936 se
817 1871 933 1951 aliter,
956 1886 1049 1952 quem
1071 1886 1222 1949 praesen·

112 1980 307 2062 sparocho
337 1985 370 2039 et
401 1977 525 2041 duohus
556 1982 692 2043 testibus
722 1980 756 2042 in
783 1977 885 2057 locis,
912 1976 947 2039 in
977 1975 1092 2056 quihus
1122 1974 1221 2036 (lonc.

112 2084 320 2148 iridentinum
343 2083 577 2166 promulgatum
600 2093 668 2166 est,
691 2087 771 2148 inita
794 2103 865 2148 csse
885 2079 1043 2161 invalida,
1064 2099 1124 2143 nec
1144 2097 1221 2159 pos-

113 2190 178 2254 ein
200 2187 327 2252 talibus
351 2192 560 2254 matrimoniis
582 2192 737 2255 rationem
759 2198 942 2254 contractus
964 2206 982 2250 a
1009 2184 1146 2248 ratione
1162 2183 1222 2246 Ss-

113 2296 248 2359 ramcnti
272 2297 437 2376 separari,
460 2317 529 2358 cum
553 2297 702 2378 Synodus
723 2295 913 2359 'l'ridentina
944 2314 1018 2374 eos,
1050 2291 1104 2373 qni
1127 2308 1221 2373 prae-

113 2420 143 2464 er
159 2401 302 2464 formam
323 2401 363 2462 ah
386 2421 420 2462 sc
442 2404 672 2484 praescriptam
693 2403 943 2466 matrimonium·
957 2398 1145 2461 contrahere
1172 2403 1222 2459 nt·

113 2512 237 2586 nant,
259 2505 302 2568 ad
324 2506 371 2567 sie
395 2507 645 2570 contrahendum
673 2508 832 2571 inhabiles
863 2502 1089 2579 declaraverim
1121 2512 1220 2586 porro

113 2610 346 2676 ieclarationem
368 2633 397 2673 a,
422 2617 514 2675 1741.
535 2631 594 2694 pro
618 2616 849 2692 matrimoniis,
882 2631 963 2695 quse
984 2608 1036 2672 rel
1064 2608 1220 2670 haeretici

114 2722 177 2781 ster
198 2737 256 2798 se,
278 2715 330 2779 vel
352 2717 510 2780 Catholici
534 2738 603 2781 cnm
625 2719 693 2781 illis
723 2721 851 2797 ineunt,
882 2718 1000 2779 editam
1027 2734 1090 2776 non
1124 2729 1221 2794 posse

113 2823 299 2898 accomodari
321 2824 498 2904 coniugiis,
522 2845 602 2904 quac
624 2823 786 2887 Catholici
814 2821 882 2905 legi
903 2820 1113 2884 Tridentinae
1136 2818 1219 2880 solr-

115 2930 172 2992 ecti
191 2931 279 2992 iuter
301 2948 336 2990 se
365 2930 575 3005 contrahente
605 2937 708 2993 actum
737 2931 1036 3012 igitureum,r1no
1065 2919 1229 2986 catholici.

114 3036 334 3097 retrimenium
357 3038 552 3098 contractori
574 3038 720 3099 ministro
743 3037 905 3098 haeretico
934 3029 984 3096 vel
1015 3029 1220 3112 liiu'gistretni

114 3142 292 3219 esistunt,
314 3160 400 3201 mere
423 3140 546 3204 civilem
569 3162 662 3221 esse,
692 3141 733 3205 ad
765 3141 995 3205 ostendendum
1027 3157 1101 3218 erga
1129 3134 1220 3216 leges

114 3244 224 3308 civiles·
230 3246 417 3327 obsequium
439 3247 668 3327 pertinentem,
691 3244 793 3330 neque
803 3244 888 3309 ectu
908 3244 974 3308 tali
989 3242 1137 3306 contrahi
1148 3256 1223 3303 ssu

114 3335 301 3438 rilnonium,
323 3372 360 3413 ac
381 3352 517 3432 proinde
539 3355 691 3436 coniuges
721 3355 768 3416 sic
793 3347 1022 3416 contrahentes
1052 3366 1117 3411 non
1143 3364 1220 3409 esse

114 3456 187 3563 repes
206 3455 438 3539 legitimosque
461 3454 647 3543 coniuges,
655 3457 779 3571 prolem
812 3466 936 3549 quoipue
936 3434 1087 3519 'eilnde
1110 3454 1220 3516 susce·

114 3538 186 3641 piam
205 3581 269 3625 non
293 3582 363 3626 esse
385 3565 419 3624 in
441 3562 513 3626 foro
533 3552 698 3628 Ecclesiae
718 3535 935 3665 legitimppr',
936 3560 1006 3626 s'cd
1009 3556 1119 3629 teneri
1135 3544 1222 3621 tull·
1269 3645 1273 3651 .

115 3669 152 3727 ter
169 3667 391 3730 contrahentes
414 3667 557 3751 velante
578 3668 724 3755 velpost
752 3670 962 3737 ceremoniam
991 3642 1083 3728 illam
1112 3682 1219 3725 curam

115 3765 293 3855 Magistratu
314 3779 368 3837 aut
389 3775 534 3837 ministro
557 3776 718 3839 haeretico
740 3783 910 3847 exteriore
918 3771 1046 3855 legum
1077 3768 1218 3853 pirilium

119 3878 304 3959 servandam,
327 3899 361 3945 se
382 3901 489 3961 coram
510 3883 654 3963 parocho¹
672 3880 831 3965 catholico
862 3881 998 3960 sistere,
1027 3884 1059 3941 ct
1087 3878 1121 3939 in
1152 3875 1219 3947 cius

124 3993 149 4039 te
163 3984 289 4067 insuper
310 3982 444 4047 duorum
466 3989 596 4050 testium
617 3989 803 4069 praesentia⁸
824 3986 1003 4069 legitimum
1022 3983 1107 4047 inire
1137 4001 1220 4044 con·

126 4078 231 4163 logium.
253 4089 419 4153 Postremo
442 4097 549 4155 monet
568 4055 801 4157 Missiooar'ios'
817 4113 855 4155 ac
875 4068 1058 4176 parochos,
1078 4093 1125 4175 ut¹
1138 4085 1220 4149 iide-

128 4178 161 4249 lu
176 4212 247 4256 suos
269 4190 371 4281 super,
385 4196 436 4259 his
459 4205 636 4280 opportune
658 4195 923 4281 immorimur
945 4193 1140 4278 praeprimis
1164 4211 1220 4253 cn·

131 4301 197 4375 unt,
215 4319 252 4363 ue
274 4303 508 4365 matrimonium
529 4306 742 4383 contrectari,
765 4303 841 4369 dum
860 4303 893 4367 in
917 4303 978 4367 rim
999 4301 1106 4382 legum
1141 4296 1219 4358 eiri-
