2798 4838
579 242 781 312 ...23-

135 351 297 467 io'·csnsx
321 385 425 470 possit
448 385 534 448 effici
556 386 771 463 sacramenti,
800 391 832 445 et
849 392 915 445 tum
944 381 1056 462 noenu
1087 387 1158 445 tus
1176 378 1260 447 sius

135 491 239 580 moiis
260 493 301 555 sd
325 476 659 591 Eidem‘ssatbolicam
682 489 894 587 profitendam
916 490 987 570 cogi
1009 486 1122 551 valeat.

567 677 813 693 Μ

157 835 170 847 --
211 854 214 861 .
236 805 352 870 Secula
361 807 461 870 xvu.
473 807 632 890 Theologi
655 808 872 889 quaestionem
888 805 929 868 de
947 806 1160 869 matrimoniis
1179 805 1263 869 mix·

134 915 323 977 tisuberius
340 910 595 993 pertractabant,
615 921 666 991 et,
685 916 713 975 si
723 915 935 992 paucissimos
952 912 1127 990 demamus,
1146 930 1263 975 omnes

133 1019 328 1083 validitatem
346 1019 529 1082 eorumdem
546 1021 807 1100 propugnabantc
832 1018 889 1080 sed
907 1016 1148 1089 eircalaltersns
1156 1036 1261 1096 quae·

133 1126 299 1207 silonem,
312 1145 351 1186 an
374 1122 524 1186 solicita
546 1125 595 1186 vel
617 1125 731 1187 illicita
754 1125 835 1202 sint,
859 1131 891 1186 et
913 1143 974 1202 quo
996 1124 1093 1197 iure,
1107 1142 1184 1185 num
1208 1122 1262 1185 clia

133 1232 229 1310 rino,
260 1247 334 1291 num
357 1228 494 1293 naturali
516 1237 550 1292 et
572 1229 816 1295 ecclesiastico?
848 1230 1013 1310 opiniones
1043 1225 1176 1291 illorum
1198 1226 1262 1291 Ι(11-

132 1343 300 1418 vergentes
318 1335 425 1398 fluere.
449 1336 624 1414 Sequente·
646 1338 738 1397 nobis
762 1337 862 1397 exiis
886 1337 1110 1396 innotuerunta

163 1488 166 1493 -
237 1447 266 1504 2.
286 1440 645 1505 -1nieo--Seenlt2xvit
670 1442 802 1521 scripsit
831 1441 1012 1502 Thomas
1042 1440 1263 1520 Sene-ber,

134 1548 235 1609 cuius'
248 1559 347 1628 opust
368 1555 407 1611 de
428 1553 547 1610 Sancto
569 1552 772 1609 Matrimonii
791 1553 995 1609 succensente
1016 1550 1264 1623 disputationem

133 1657 427 1715 Edrtio'reeentior.
452 1656 591 1726 viterbii.
619 1658 723 1715 1754.
745 1655 892 1715 omnibus
913 1649 1098 1734 pontillum
1122 1650 1165 1712 de
1186 1651 1262 1714 Ma·

133 1759 283 1820 trimonio
307 1759 520 1821 scribentibus
541 1759 642 1819 instar
663 1759 829 1820 cartusiam
850 1758 1046 1840 promtuarii-
1059 1757 1132 1818 fuit.
1172 1757 1261 1819 isle

134 1856 254 1944 disput,
287 1870 326 1924 de
353 1869 464 1940 imperi.
495 1869 601 1924 coibas
628 1868 776 1942 disparis.
802 1868 1025 1926 Permittit.
1050 1870 1081 1924 7.
1110 1866 1194 1942 disp.
1219 1866 1263 1924 71

133 2000 175 2012 -
190 1975 247 2029 77.
266 1988 336 2046 paq.
358 1973 563 2030 180-192.
596 1968 636 2030 de
649 1970 874 2033 'matrimoniis
897 1968 1010 2030 fideles
1028 1969 1111 2028 inter
1131 1974 1165 2028 et
1181 1969 1262 2030 hoe

133 2074 254 2135 reticos
276 2058 470 2144 (locustas)
494 2092 533 2135 eo
562 2072 691 2152 quidem
722 2072 845 2153 valida,
874 2074 931 2136 sed
962 2073 1076 2135 illicita
1099 2092 1196 2152 esse,
1228 2081 1262 2136 ei

133 2179 357 2241 contrahentes
380 2186 543 2260 peccatum
566 2178 700 2240 mortale
723 2181 938 2262 committere,
962 2179 1120 2257 siqnidem
1143 2179 1260 2240 iustis·

133 2285 215 2346 simo
237 2276 403 2346 Ecclesiae
424 2280 596 2366 praecepto
620 2284 658 2328 '-
685 2292 817 2367 propter
838 2282 1014 2365 periculum
1043 2282 1120 2344 fidei
1145 2285 1259 2345 coniu-

133 2370 347 2472 acatholico
380 2396 413 2451 et
442 2387 586 2471 prolibus
610 2392 776 2452 imminens
808 2411 845 2452 ea
876 2390 1023 2470 coniugia
1052 2379 1258 2465 inteitlic'en'ii

136 2482 450 2584 ssfeontraveniann
474 2516 532 2557 uec
555 2517 679 2557 cessare
702 2505 886 2576 peccatum,
916 2497 943 2557 si
974 2513 1048 2575 spes
1072 2476 1165 2555 adiit
1179 2502 1255 2554 bort·

134 2581 310 2680 versionis,
334 2622 404 2663 cum
425 2608 630 2683 pracceptum
652 2601 818 2663 Ecclesiae
849 2620 988 2681 eousque
1019 2598 1176 2679 obliget,
1194 2592 1256 2659 ilo-¹

132 2704 191 2770 n'ec
213 2709 328 2769 coniux
351 2707 532 2770 haereticus
555 2708 661 2788 reipsa
692 2707 733 2769 ad
761 2705 856 2768 fidem
887 2712 1084 2788 revertatur,
1114 2713 1148 2765 et
1176 2704 1261 2766 inite

133 2811 232 2876 semel
254 2799 426 2894 coniugio,
448 2812 544 2874 facile
567 2821 680 2892 posset
703 2832 765 2873 non
788 2813 940 2873 converti.
972 2812 1010 2881 b)
1038 2810 1071 2872 ln
1101 2806 1186 2871 locis
1209 2792 1260 2872 ts·

132 2939 223 2999 meu,
246 2906 278 2980 in
301 2907 414 2998 quibus
437 2919 594 2979 baeretici
614 2937 679 2979 non
709 2916 892 2978 deruunciati
921 2936 980 2977 nec
1008 2914 1127 2976 notorii
1151 2911 1261 2976 Cleri·

134 3046 244 3087 coruus
265 3042 471 3106 percussores
489 3043 559 3083 cum
568 3021 746 3084 Catholicis
765 3023 912 3101 permixti
930 3022 1054 3099 vivum,
1076 3021 1164 3081 utin
1175 3019 1260 3082 (lieb-

132 3127 403 3209 mania,'Gallia,
427 3125 581 3203 Paionia,
605 3147 641 3188 cx
664 3125 892 3189 consuetudine
915 3133 1042 3208 recepta
1066 3133 1098 3188 et
1118 3123 1260 3189 tolerata

132 3238 292 3318 coniugia·
304 3234 400 3317 mirta
422 3231 510 3293 licita
534 3251 617 3311 esse,
641 3230 812 3293 dirmmoclo
836 3251 909 3312 pars
927 3231 1085 3293 catholica
1104 3222 1212 3293 libere
1228 3239 1262 3294 ci

132 3343 201 3404 sine
224 3337 367 3421 periculo
392 3339 613 3417 perversiouis
628 3339 659 3399 in
683 3335 747 3399 fide
770 3357 957 3419 permanere
980 3339 1113 3399 sinatur.
1137 3339 1172 3409 e)
1196 3336 1260 3398 Pr-

132 3447 205 3529 cta,
226 3453 261 3507 ui
283 3443 411 3524 quidam
435 3463 472 3503 ex
493 3441 605 3504 liberis
630 3445 798 3504 nascituris
820 3443 917 3523 fidei,
940 3440 998 3505 alii
1014 3449 1119 3505 autem
1142 3442 1260 3529 baere-

132 3554 161 3616 si
176 3530 390 3627 albaereant,
414 3567 485 3610 esse
500 3567 632 3628 prorsus
649 3548 744 3628 impla
768 3555 799 3610 et
814 3551 924 3627 irrita,
950 3546 1087 3628 esseque
1098 3552 1166 3609 tum
1181 3538 1263 3610 cona

132 3658 257 3720 troius
281 3653 551 3731 ecclesiasticum,
574 3661 640 3715 tum
664 3661 772 3716 contra
796 3653 953 3732 divinum,
977 3672 1039 3733 quo
1059 3660 1183 3715 attento
1199 3652 1265 3743 pas-¹·

131 3763 276 3826 rentibus
298 3761 451 3821 incumbit
481 3779 556 3822 cura
586 3758 743 3830 educandi
771 3757 894 3836 liberos
922 3761 955 3820 in
986 3779 1022 3820 ea
1052 3756 1117 3819 fide
1148 3750 1264 3841 iisque¹

54 3935 64 3962 Ι
132 3869 289 3948 moribus,
312 3867 428 3948 quibus
450 3863 502 3928 illi
523 3864 665 3928 remedia
689 3863 787 3926 saluti
809 3857 970 3946 spirituali
986 3856 1170 3928 necessaria
1187 3862 1266 3929 adt:

130 3974 305 4055 piscantur.
1155 3956 1159 3963 ⁴
1189 3968 1220 4034 .'
1252 3988 1255 3993 ·

233 4083 263 4140 3.
291 4075 497 4140 Nicolaus
528 4075 778 4154 Socration,
820 4095 838 4136 e
867 4073 941 4140 Soc,
971 4073 1067 4153 lesu,
1100 4066 1267 4141 sententis

130 4183 372 4262 nonnullorum,
395 4184 451 4265 qui
473 4180 723 4245 contendebantc
745 4180 923 4257 neminem,
951 4179 1123 4261 nequidem
1144 4181 1269 4245 haere·

131 4292 226 4352 ticum
256 4292 294 4352 ab
318 4287 464 4351 Ecclesia
494 4288 552 4350 Dei
582 4307 616 4349 se
649 4293 762 4367 sponte
793 4284 1027 4366 disiungentem
1056 4284 1098 4349 an
1128 4279 1271 4368 eamque
