2798 4838
607 248 836 322 ..437-

150 397 203 457 nis
226 415 304 459 suae
325 380 526 495 eonsprtibus
548 396 750 456 matrimonio
772 395 862 475 iungi
878 396 1052 473 potuerint.
1074 397 1199 459 0btntu-
1218 416 1274 459 au-

150 508 217 564 tem
247 499 380 582 politico
409 502 611 563 Reflexiones
640 498 717 562 illae
746 502 969 581 opponebanta
1004 520 1063 582 per
1092 499 1274 581 generalem

151 608 527 687 prohibitionemmatr.
553 607 724 669 mixtorum
754 604 955 686 populationi
994 605 1136 669 notabile
1174 605 1275 669 detri-

151 719 293 775 mentum
315 711 440 775 illatum
461 715 525 789 iri,
556 713 719 791 metuique.
739 730 853 790 posse,
884 730 923 773 ne
945 710 1127 774 Aeatboiiei
1157 720 1274 777 statum

150 819 184 880 in
208 825 294 880 statu
317 807 514 897 eti'ormeut,l
523 837 619 899 eque
641 815 801 898 areliquo
825 816 934 879 Status
957 836 1091 899 serpere
1114 825 1272 900 separent,

150 925 307 1006 optimum
336 926 428 1005 proin
460 924 548 1003 fore,
580 923 608 986 si
636 920 746 1004 proles
780 941 889 984 omnes
922 922 1121 1005 eprineipio
1150 926 1292 1007 patriae>

149 1031 320 1111 potestatis
341 1029 530 1110 religionem
551 1030 671 1113 patris,
693 1025 744 1090 vel
766 1036 851 1090 eerte
873 1047 982 1092 sexum
1003 1035 1169 1110 parentam
1193 1047 1273 1111 quo·

149 1135 191 1196 ad
213 1134 402 1217 religionem
424 1137 527 1215 ipsam
549 1135 640 1215 sequi
661 1136 767 1196 iussae
790 1132 931 1217 inerint,
960 1137 1089 1199 attactis
1111 1136 1203 1198 annis
1224 1135 1274 1196 di·

148 1243 340 1320 seretionis,
371 1239 513 1321 alioquin
542 1238 637 1322 plena
664 1238 813 1304 libertate
845 1238 1042 1322 Religionem
1074 1239 1272 1304 (iaiboliesm

149 1344 366 1429 amplectendi
394 1347 561 1427 gavisurae
580 1340 653 1418 947).
678 1377 715 1390 -
748 1345 956 1425 liioeeesaui,
993 1346 1181 1426 quibuscum
1211 1348 1273 1410 bae

131 1453 336 1515 reflexiones
359 1452 608 1514 communicatae
631 1457 740 1530 erant,
772 1453 919 1513 nimirum
948 1450 1170 1533 losepbus
1200 1454 1274 1514 tlo-

148 1578 234 1619 mes
256 1578 274 1620 a
297 1557 511 1638 Rattbydn
541 1558 722 1639 Alippus
753 1554 1037 1638 (ioleeeusis,
1070 1557 1274 1620 (lardlua-⁴

147 1661 206 1725 lis
237 1683 258 1725 a
285 1663 479 1744 Migassi
514 1664 658 1743 Eppos
681 1662 947 1749 ¹iaciendis,
984 1660 1167 1724 carolus
1198 1663 1272 1723 (io-

148 1789 233 1830 mes
267 1767 543 1848 Essterbtzy
581 1768 831 1848 Agriensis,
877 1768 1096 1848 Georgius
1133 1767 1271 1829 lilimo

148 1856 664 1955 Qninqueeeelesiensls,
695 1854 918 1934 etlonnes
941 1873 1176 1954 Gusstinyi
1207 1872 1273 1934 Ni-

146 1980 356 2056 trieusis,
378 1977 452 2040 illas
475 1978 515 2040 ad
540 1977 603 2039 duo
626 1980 729 2055 capita
753 1977 950 2057 revocando,
979 1983 1088 2058 utpote
1118 1982 1155 2051 a)
1173 1996 1220 2039 ou
1237 1983 1274 2040 iu

144 2086 295 2160 littorum
323 2088 528 2146 matrimonio
556 2089 641 2145 inter
671 2088 847 2145 Oetbotiooe
876 2094 907 2146 et
927 2086 1127 2151 Aratbotieos
1152 2090 1273 2146 om*

146 2199 261 2270 uodo,
284 2201 315 2254 et
336 2196 445 2269 quotie
472 2196 576 2252 medio
606 2194 783 2251 adhibendo
804 2194 886 2272 aiut,
915 2200 954 2252 et
976 2195 1085 2268 protes
1110 2207 1156 2251 ero
1183 2195 1273 2252 etur

145 2301 233 2358 modi
276 2301 487 2375 matrimoniis
529 2301 564 2356 in
609 2310 676 2356 atne
694 2290 852 2370 ‘suamet
896 2301 1039 2358 Ecclesia
1057 2325 1059 2331 ·
1074 2295 1272 2361 eausam

147 2394 184 2473 b)
212 2407 349 2479 ueniter
383 2421 456 2463 eum
491 2405 645 2488 prolibus,
663 2420 706 2461 eu
736 2411 830 2462 metr.
859 2395 970 2463 minda
999 2407 1067 2462 iam
1098 2398 1274 2480 progeniti

145 2514 304 2584 egendum
324 2508 389 2569 siti
411 2510 442 2568 in
465 2504 724 2567 memorabilibus
746 2508 815 2567 suis
831 2508 1188 2587 Repraesentationibus
1211 2508 1271 2568 sus

133 2605 274 2674 'initium
296 2615 367 2673 anni
395 2617 485 2673 1768.
509 2611 550 2672 ad
572 2612 707 2691 Regium
730 2611 893 2673 'l'bronum
918 2610 1079 2689 dimissis,
1111 2612 1273 2673 commoni
1352 2623 1353 2626 ’

124 2736 245 2779 ,sensu
267 2719 430 2797 sequentia
458 2721 729 2779 remonstrarunta
755 2717 810 2778 'Aa
829 2715 874 2790 o)
904 2716 1106 2776 Matrimonia
1128 2714 1273 2794 disparis

147 2820 316 2902 religionis
340 2822 426 2885 velut
447 2821 544 2901 talia,
576 2840 656 2902 quae
686 2841 746 2900 per
776 2838 885 2882 saeros
909 2838 1045 2880 canones
1078 2828 1111 2880 et
1138 2822 1179 2881 ab
1197 2819 1273 2883 'nl-

147 2927 268 2991 versali
290 2929 436 2990 lieelesia
459 2948 585 3007 semper
606 2926 753 2989 damnata
775 2933 882 3004 erant,
913 2927 988 3003 quoin
1010 2926 1074 2987 imo
1097 2927 1170 3004 ipsa
1190 2944 1272 3006 puo-

147 3053 210 3115 que
229 3032 302 3114 lege
325 3035 429 3096 divina
451 3035 613 3115 prohibita
636 3038 724 3109 sunt,
748 3035 788 3094 ob
812 3029 1069 3092 antevertendum
1091 3030 1269 3112 perieulum

147 3141 361 3222 perversieuis
383 3143 485 3221 partia
514 3137 709 3217 catholicae,
741 3146 772 3199 et
800 3136 938 3215 prolium
969 3136 1043 3208 inde
1074 3135 1270 3199 deseeudou·

146 3247 229 3313 tium
259 3267 277 3307 a
307 3245 370 3306 fide
401 3245 577 3307 orthodoxa
616 3243 898 3322 abalienationem,
926 3242 1073 3322 aliaque,
1103 3261 1183 3321 quae
1215 3263 1270 3305 ox·

147 3349 224 3413 inde
248 3352 391 3431 quotidie
422 3360 615 3430 sequuntur,
645 3349 728 3412 mala
758 3353 790 3413 in
815 3351 924 3429 Regno
947 3349 1129 3428 liungariaa
1159 3349 1271 3410 deere-

147 3457 314 3537 to‘liegis
336 3457 516 3537 Apostoliei
546 3456 734 3536 simpliciter
768 3438 985 3517 interdieenda
1012 3457 1138 3528 venire3
1170 3452 1273 3532 qnod·

148 3565 177 3627 si
209 3571 315 3626 autem
346 3583 383 3624 ex
413 3561 554 3642 generali
586 3561 768 3648 istiusmodi
806 3560 1025 3639 prohibitione
1071 3558 1268 3639 perturbatio

151 3675 364 3744 metueretur,
396 3676 451 3730 aut
482 3667 653 3749 quodpiam
681 3666 746 3746 ipsi
776 3664 938 3745 Religioni
968 3661 1154 3726 Catholicae
1184 3665 1270 3743 perl-

147 3773 256 3837 eulum
278 3776 443 3835 imminere
467 3773 723 3855 praevideretur,
745 3778 836 3833 matr.
856 3771 951 3832 mixta
978 3768 1164 3830 discretioni
1187 3768 1268 3848 Epi·
1290 3752 1312 3823 .’
1346 3775 1371 3822 .’

148 3898 321 3960 ssopornm
344 3898 380 3940 ea
401 3881 525 3941 ratione
547 3876 742 3940 subiicienda
765 3896 855 3955 esse,
878 3884 914 3937 ut
941 3876 977 3936 bi
1005 3875 1134 3937 attentis
1164 3892 1270 3937 rerum

149 3974 400 4048 circumstantiis
422 3986 578 4046 connubia
600 3983 676 4045 talia
699 3982 866 4045 admittere
887 3980 1018 4062 quidem·
1039 3983 1182 4059 possint,
1213 3978 1271 4042 sed

147 4174 398 4192 m

116 4378 120 4387 ι
221 4300 289 4368 947)
308 4303 398 4354 bion
416 4302 478 4354 294.
497 4317 560 4368 pag.
583 4303 643 4356 utu.
