2798 4838
577 265 804 338 -345—

131 413 242 472 iratur
261 415 420 492 tamquam
442 430 517 492 pars
540 403 738 474 solennitatis
760 408 931 493 nuptialis,
947 409 1004 474 sesl
1025 410 1066 475 asl
1092 431 1249 476 summurn

140 519 165 576 iu
186 515 324 580 iasonem
346 519 448 597 partis
470 514 647 580 catholicae
668 519 790 598 absque
811 514 878 579 ullo
900 516 1053 601 adparatu
1077 517 1118 581 ael
1140 515 1251 582 solen·

147 621 262 686 nitatem
291 623 486 685 matrimonii
514 628 696 706 spectante,
724 630 853 702 totaque
892 623 1030 687 Parociri
1065 624 1250 687 assistentia

149 729 333 793 matrimonio
364 726 423 789 tali
452 728 643 807 praestanda
674 731 707 790 in
738 747 776 790 co
808 728 978 809 consistit,
1010 726 1101 811 quoi·
1136 729 1250 792 accitis

152 830 252 896 luobus
275 834 412 896 testibus
434 851 453 896 a
474 832 508 896 S.
531 833 661 915 Synodo
683 832 872 898 Tridentino
893 834 1060 915 requisitis
1100 831 1170 898 sola
1195 852 1249 896 re·

94 984 97 991 .
150 945 187 1000 stc
204 936 303 1001 talari·
317 936 462 1018 inclutus,
487 940 558 1001 sinc
588 935 810 1021 superpeliceo
833 948 866 1002 ct
886 937 989 1021 stola,
1011 946 1153 1004 mutuum
1174 959 1249 1004 con·

94 1556 111 1657 i

148 1062 256 1107 sensum
279 1045 446 1126 utriusque
475 1043 690 1108 contrahentis
722 1050 809 1108 extro
848 1042 1028 1109 Ecclesiam
1054 1065 1111 1110 seu
1142 1046 1176 1107 in
1197 1065 1247 1110 sa·

145 1150 255 1232 crinin,
278 1150 346 1212 sice
367 1150 401 1212 in
422 1146 487 1213 alio
510 1147 636 1212 decenti
656 1147 729 1213 ioco
764 1150 910 1230 excipiat.
933 1146 996 1223 ⁶³⁶)

614 1338 651 1432 §-
678 1339 764 1413 roc.

146 1479 186 1538 iu
199 1480 249 1537 m.
266 1480 432 1537 nuestus
448 1477 890 1542 nsucnsrlsecorrosus
909 1480 1106 1542 nonnulli
1121 1483 1246 1552 Syno-

148 1571 230 1628 inm
247 1571 552 1629 moecenatem
575 1571 630 1628 cci
650 1572 940 1643 componenda
968 1571 1147 1632 dissidia
1163 1573 1244 1630 eir·

203 1677 250 1720 cn
266 1664 400 1722 mixto
416 1662 628 1722 connubias
645 1669 773 1721 ernesto
787 1663 995 1723 celetur-nri
1012 1669 1179 1745 petunt,

231 1822 400 1905 Singulare
429 1831 498 1904 est,
529 1821 677 1906 Capitale
715 1823 865 1886 nonnulla
894 1825 960 1887 sire
998 1826 1178 1887 liecauatus'
1211 1824 1246 1886 in

154 1925 279 2009 liagno
310 1931 469 1993 Ducatu
498 1929 700 2009 Bedeusi,
728 1949 747 1992 a
777 1929 999 1993 reformatorio
1037 1931 1155 2014 spiritu
1186 1930 1249 1993 iarn

155 2028 251 2096 dodum
272 2035 390 2098 famam
411 2041 643 2114 consequutus,
664 2055 746 2097 anuo
768 2039 859 2098 1840.
876 2035 1159 2118 Archiepiscopum
1174 2035 1249 2097 Eri-

155 2136 320 2220 turgensem
342 2139 447 2204 literis
469 2142 673 2220 convenisse,
699 2147 734 2202 ot
764 2145 928 2222 synodum
950 2147 1176 2205 Dioecesunum
1197 2160 1250 2202 cc-

154 2237 290 2326 lebraret,
311 2248 345 2308 iu
368 2266 468 2327 eaque
497 2266 569 2308 com
598 2245 662 2309 alia
694 2247 838 2331 objecta,
867 2253 934 2310 tum
963 2247 1179 2329 quaestionem
1208 2242 1249 2307 sle

155 2347 239 2412 aistis
270 2353 438 2414 connubiis
467 2351 499 2414 in
536 2351 798 2416 deliberationem
836 2353 1130 2432 discussionemque
1167 2351 1249 2414 sumi

153 2458 385 2531 procuraretis
415 2456 520 2520 literis
549 2460 602 2521 iris
633 2458 861 2538 praetenduntr
891 2479 926 2522 se
954 2460 988 2521 in
1019 2463 1137 2521 statum
1164 2454 1250 2519 cala-

153 2560 281 2626 nitosum
302 2584 409 2626 rerrrm
438 2563 725 2628 ecclesiasticarum
757 2585 827 2627 cum
857 2565 890 2626 in
921 2582 1035 2645 genere
1067 2571 1132 2625 tum
1155 2561 1250 2623 huius

153 2660 292 2749 dioecesIs
315 2671 347 2731 in
370 2671 477 2750 specie
500 2668 608 2732 studio
631 2671 856 2751 inquisivisse,
879 2675 911 2731 et
940 2666 1152 2745 comperisses
1175 2665 1250 2746 „vis

152 2787 207 2836 esse
233 2776 317 2854 iam,
346 2777 400 2858 qui
429 2777 483 2858 pio
512 2782 545 2838 ct
572 2776 697 2836 siucero
725 2794 800 2855 erga
831 2774 1035 2837 christianam
1062 2768 1250 2850 religionem

152 2892 229 2941 sensu
257 2878 308 2943 sel
337 2881 471 2943 maxime
500 2878 650 2969 salutaria
681 2879 847 2944 Ecclesiae
879 2881 1047 2960 praecepta
1078 2880 1249 2956 sequutum

151 2982 377 3049 collocantem
408 3006 499 3064 esse,
530 2987 585 3065 qui
607 3006 644 3049 en
674 2992 847 3067 spernant,
877 2983 1063 3061 traducant,
1094 2987 1126 3043 et
1155 2977 1250 3042 nihili

151 3090 291 3170 pendaut3
314 3094 386 3156 iura
408 3112 471 3155 nou
500 3112 620 3173 pauca,
652 3112 731 3173 «puae
754 3088 900 3154 Ecclesia
922 3087 998 3151 oiim
1019 3108 1076 3152 sua
1110 3085 1250 3169 putavit,

151 3200 355 3281 exercuitque,
374 3199 427 3259 his
459 3200 696 3280 temporibusa
726 3196 869 3279 politicis
900 3193 1010 3258 iuuneli
1040 3192 1246 3257 moderatori·

150 3293 195 3364 lus
214 3304 278 3367 sibi
295 3305 513 3387 ‚competentia
541 3305 667 3383 vocari,
696 3302 871 3385 postulari,
902 3307 935 3364 et
965 3300 1125 3377 exerceri,
1149 3317 1250 3377 eoque

148 3417 200 3475 itin
219 3409 283 3493 lam
305 3407 489 3490 devenisse,
513 3415 548 3471 ut
567 3408 687 3490 religio
708 3415 739 3472 et
760 3406 897 3472 ecclesia
919 3426 956 3469 ex
976 3405 1137 3489 politioris
1160 3423 1248 3466 mun·

148 3494 292 3576 lllnbltu
314 3514 357 3576 ael
378 3534 533 3575 summum
554 3511 691 3577 tolerata
713 3520 745 3576 et
767 3535 805 3577 er
826 3510 959 3594 politica
980 3509 1137 3593 sapientia
1163 3507 1250 3570 hausi

147 3603 268 3683 lelenola
289 3625 438 3699 putetur,
460 3621 639 3700 Episcopus
661 3625 763 3682 autem
786 3618 898 3699 ligatis
929 3616 1074 3678 manibus
1102 3611 1249 3674 incedere

145 3721 465 3804 etc.”1nserreiiqua
487 3745 584 3806 vero,
606 3726 640 3787 in
667 3725 782 3806 quibos
804 3742 839 3785 se
860 3723 970 3785 auxios
992 3721 1126 3782 haerere
1151 3717 1250 3798 proli·
1377 3744 1383 3758 ·

141 3819 256 3910 itntur,
278 3836 445 3893 numerant
465 3833 562 3895 mixto
585 3831 679 3894 etiam
701 3829 875 3907 connubia,
898 3834 930 3891 et
962 3825 1151 3908 praesertim
1182 3821 1250 3887 elis-

138 3925 217 3999 ⁸lilla
238 3936 280 3997 ob
302 3935 541 4016 religionariam
563 3935 701 4031 prolium
723 3933 942 3998 educationem
973 3937 1084 4016 enata,
1114 3928 1250 4012 indeque

133 4039 195 4102 ion
216 4046 340 4104 tantum
360 4042 444 4104 iuter
464 4044 647 4122 Episcopus
670 4049 700 4104 et
721 4041 889 4122 Principes
918 4037 1172 4102 Protesiautieos
1193 4054 1251 4116 pa·

132 4148 381 4210 venturorum
403 4167 496 4227 esse,
518 4167 626 4211 verum
649 4149 744 4213 etiam
772 4148 855 4210 inter
886 4147 971 4209 cives
1000 4144 1143 4210 diversae
1173 4139 1250 4205 roli-

129 4253 380 4289 N-—m-

203 4336 270 4402 cot)
288 4341 377 4392 lion.
396 4339 458 4394 256.
487 4355 547 4408 pag.
567 4341 625 4393 41⁵.
