2798 4838
583 263 813 334 —241—

132 411 253 470 testate
274 408 459 490 Episcopos·
488 409 532 468 sit
564 409 611 482 uti
639 407 741 469 voluit
772 409 919 471 Summus
942 409 1112 487 Pontifex,
1145 413 1199 488 ut,
1230 409 1262 470 ln

131 521 288 596 quantum
310 514 431 595 absque
454 512 598 593 periculo
622 517 728 594 gravis
752 516 940 595 cuiusquam
961 513 1039 594 mali
1057 517 1129 576 lieri
1146 521 1266 597 potest,

131 640 192 700 per
214 621 369 701 coniuges
390 639 502 682 novam
525 640 697 682 cousensus
727 620 995 700 significationem
1026 622 1206 701 excipiant,
1234 629 1269 682 et

130 728 322 806 *cautionem
351 745 432 807 quae
463 748 481 788 a
506 725 590 788 Sede
621 725 811 807 Apostolica
848 727 881 789 ln
912 727 1126 788 matrimoniis
1157 727 1266 790 mixtis

135 833 417 914 praescribuntur,
446 838 591 894 accurate
624 832 807 907 observent3
839 851 937 914 porro
977 837 1100 912 partem
1132 830 1269 894 catholi-

138 959 206 1000 cam
228 935 270 999 de
292 939 447 1018 gravitate
469 939 593 1017 peccati
616 940 655 999 ab
679 936 791 1000 eadem
813 938 977 1000 commissi
1000 937 1214 1014 admoneant,
1236 947 1269 1000 et

139 1044 179 1107 ad
200 1042 375 1106 salutarem
397 1045 625 1124 poenitentiam
648 1043 805 1124 agendam
828 1045 984 1124 excitent,
1015 1043 1144 1106 tandem
1167 1045 1206 1106 ab
1228 1041 1270 1104 il·

139 1149 179 1212 lis
202 1151 415 1212 matrimoniis
438 1149 666 1211 confirmandis
698 1151 895 1230 abstineant,
919 1170 999 1231 quae
1021 1170 1081 1232 per
1096 1151 1270 1230 Magistra-

143 1263 206 1318 tum
228 1254 357 1318 civilem
377 1255 463 1318 forte
485 1258 575 1318 brevi
598 1254 805 1320 dissolvenda
826 1257 1061 1338 praevidentur.
1088 1287 1125 1300 -
1156 1254 1272 1336 Quoad

144 1364 342 1424 matrimonia
363 1381 438 1424 vero
461 1363 530 1424 sine
552 1363 657 1425 forma
689 1384 746 1443 per
770 1364 806 1426 0.
824 1362 1048 1424 Tridentinnm
1069 1363 1272 1445 praescripta

144 1471 171 1530 in
193 1475 362 1549 posterum
384 1467 524 1529 ineunda
548 1469 696 1531 Summus
719 1469 869 1531 Pontifex
898 1471 933 1542 a)
958 1468 1216 1549 dispensationes
1238 1468 1272 1528 in

146 1574 294 1654 gradibus
325 1574 433 1636 vetitis
473 1576 557 1634 inter
586 1595 742 1654 personas
772 1581 863 1638 matr.
887 1550 1018 1636 mixtum
1051 1579 1272 1636 contracturae

147 1681 433 1759 intercedentibus,
466 1698 524 1759 per
545 1682 726 1761 lipiseopos
758 1700 795 1742 ex
825 1681 974 1761 gravibus
1006 1681 1112 1743 causis
1143 1680 1272 1760 praevie

99 1840 108 1881 ᾗ.
150 1793 289 1847 accurate
330 1787 562 1866 cognoscendis
599 1787 778 1866 impertitas
811 1806 846 1848 se
877 1785 1088 1849 toleraturum
1131 1784 1272 1864 quidem,

99 1884 103 1967 l
152 1911 206 1952 non
226 1898 333 1953 tamen
357 1894 608 1971 approbaturum
630 1894 817 1972 profitetur3
846 1895 882 1967 b)
906 1891 1107 1954 tolerantiam
1128 1891 1209 1953 banc
1231 1890 1275 1954 ad

99 1982 108 2089 l
154 1999 392 2077 quinquennium
429 1996 581 2059 duntaxat
617 2005 790 2080 prorogat,
829 1999 954 2080 hocque
986 1996 1114 2061 evoluto
1144 2017 1272 2062 rursum

99 2104 105 2213 *q
156 2102 339 2183 specialibus
376 2102 480 2165 literis
516 2103 752 2184 implorandam
791 2105 897 2185 cupitq
933 2108 969 2178 c)
1001 2104 1273 2184 dispensationem

124 2221 127 2224 ⁴
155 2216 218 2270 troc
240 2211 370 2271 nonnisi
392 2208 524 2272 concedi
547 2209 707 2289 admittit,
730 2216 898 2291 postquam
920 2212 1047 2292 praevie
1069 2230 1144 2293 pars
1163 2209 1275 2271 catho-

160 2310 209 2376 liea
229 2315 268 2376 de
291 2335 389 2378 sensu
411 2313 577 2379 Ecclesiae
593 2318 684 2399 ‘circa
706 2318 822 2387 mixtas
850 2312 1000 2397 nuptiae,
1030 2323 1064 2383 et
1088 2315 1275 2395 cumprimis

163 2420 191 2481 de
226 2419 425 2502 obligatione
465 2441 522 2483 sua
564 2423 769 2486 strictissima
817 2423 1040 2485 educationem
1081 2420 1275 2484 catholicam

164 2529 287 2589 omnium
309 2525 451 2610 prolium
482 2529 676 2607 procurandi
698 2528 811 2591 edocta
832 2528 942 2590 fuerit.
973 2528 1010 2600 d)
1034 2529 1069 2589 ln
1092 2545 1275 2608 casu„qoo

160 2636 249 2695 cautio
273 2634 353 2694 baec
376 2632 417 2694 de
439 2632 613 2695 educandis
636 2637 668 2695 in
691 2635 773 2700 Fide
795 2633 967 2696 catholica
988 2610 1158 2712 utriusque
1180 2653 1275 2696 sextas

161 2734 257 2800 liberis
281 2738 369 2805 haud
391 2740 619 2818 interveniret,
650 2742 681 2801 in
707 2743 918 2803 instrumento
942 2738 1196 2818 dispensationis
1219 2757 1275 2801 ex-

160 2845 329 2924 ponendum
352 2864 422 2906 esse
444 2846 576 2906 statuite
606 2845 729 2907 ideirco
760 2852 883 2909 tantum
908 2846 1110 2926 dispensari,
1140 2863 1179 2910 ne
1199 2863 1275 2925 gra-

99 3026 101 3033 ·
159 2952 236 3014 viora
268 2949 418 3013 seandala
450 2951 615 3030 eveniant,
653 2958 686 3013 et
713 2960 837 3033 partem
869 2949 1060 3014 catholicam
1089 2951 1279 3032 gravissime

99 3058 107 3103 ·'
157 3065 369 3136 peccaturam,
400 3077 481 3137 quae
504 3058 740 3119 matrimonium
762 3056 827 3120 tale
855 3044 1084 3137 contra'leges
1107 3056 1275 3123 uectatus

99 3178 103 3253 q
155 3163 244 3227 ineat.
286 3169 320 3237 e)
350 3164 495 3244 lienique
533 3165 630 3224 ritum
662 3167 803 3244 quemvis
836 3156 964 3226 sacrum
998 3166 1032 3225 in
1070 3165 1192 3245 nuptiis
1222 3162 1276 3227 bis

99 3278 106 3343 ὲ
156 3271 272 3348 omitti,
305 3275 338 3330 et
358 3290 376 3330 a
400 3268 544 3349 quolibet
575 3279 648 3332 actu
679 3272 836 3332 abstineri
864 3271 980 3333 debere
1012 3279 1139 3350 monet,
1173 3289 1276 3351 equo

99 3358 103 3393 ¹
156 3374 411 3454 concluderetur,
440 3372 514 3435 illas
539 3378 723 3455 approbari.
739 3371 805 3450 4⁷⁵>

580 3609 582 3612 ,
639 3546 677 3639 g.
705 3548 791 3618 131.

160 3673 210 3742 Εἰ
226 3683 355 3743 Brevi
374 3689 417 3743 et
432 3687 721 3745 lustr-notione
739 3686 806 3774 Pil
823 3687 935 3748 vm.
953 3687 1149 3754 annas-es,
1167 3685 1279 3746 Roas*

161 3776 306 3836 titicem
342 3794 520 3847 magnas
557 3781 855 3838 eoncessiones
897 3776 1052 3835 recisse
1088 3774 1281 3848 quinem,

108 3890 111 3897 ·
220 3886 310 3958 mom
329 3877 472 3931 tamen
490 3873 765 3937 matrimonia
782 3872 914 3931 mixtas
931 3869 1208 3941 adprobatus.

251 3993 355 4053 Breve
376 3991 445 4055 Pii
466 3992 575 4057 vlit.
598 3999 693 4071 atque
726 3991 918 4069 Instructio,
950 3987 1099 4072 superius
1129 3985 1280 4069 lanteleia,

99 4084 105 4149 l
161 4105 226 4160 emt
254 4096 477 4177 memorabilia
508 4097 567 4162 illa
589 4099 814 4176 Monumenta,
845 4098 961 4178 quibus
991 4095 1069 4158 Plus
1092 4094 1178 4159 Vlll.
1201 4092 1282 4174 upi-

163 4234 404 4257 N—-n—-n

99 4364 101 4369 ’
224 4349 292 4416 475)
310 4354 401 4403 Mon.
421 4354 482 4404 183.
502 4368 565 4420 pag.
585 4355 648 4406 239.

193 4451 364 4514 ncrastino,
383 4455 506 4506 deMotr.
524 4456 630 4510 macte.
648 4460 672 4508 J.
