2798 4838
547 251 774 322 ..103-

113 396 190 483 dam,
218 400 254 456 ut
275 406 334 478 per
355 394 512 476 parochos
535 393 675 458 sollicite
699 395 843 477 indagari
865 400 972 480 curet,
1003 416 1041 457 ao
1063 413 1138 478 pars
1160 415 1213 458 oa-

113 498 213 562 holica
235 498 424 580 religionem
446 520 533 563 ruam
556 500 656 563 libere
679 503 770 581 sequi
794 502 919 582 possit,
950 499 1001 562 vel
1022 501 1108 563 forte
1129 501 1214 583 peri-

113 605 196 668 :ulum
219 606 433 687 perversionis
456 608 626 670 immineat.

192 711 231 773 In
259 711 372 791 Regno
403 713 719 774 Hannoverano
752 712 914 775 decretum
946 712 1131 793 Georgii
1154 709 1215 772 lV.

113 817 190 897 legis
216 814 270 879 dd.
291 820 343 879 31.
360 813 424 877 Jul.
445 821 536 879 1826.
568 837 635 879 rem
665 815 863 880 educationis
893 815 1120 899 religiouariae
1142 835 1217 898 pro-

113 923 168 1007 lum
191 941 209 984 e
235 920 343 983 mixtis
366 922 524 1001 coniugiis
547 924 592 984 ita
613 920 787 1002 regulavitr
820 931 856 1000 ut
877 924 965 1002 viro,
988 930 1147 1002 tamquam
1163 940 1217 984 ca·

113 1027 150 1089 iti
172 1027 343 1089 societatis
366 1025 564 1108 coniugalis,
598 1028 777 1089 irrestricta
808 1036 968 1107 competat
996 1035 1139 1108 potestas
1162 1024 1219 1090 de-

113 1129 305 1212 minandi,
336 1133 452 1214 inqua
476 1130 765 1215 religioncproles
795 1133 860 1195 sint
890 1131 1094 1212 educandae,
1128 1134 1219 1212 cique

113 1235 197 1301 :nllus
232 1242 415 1300 contractus
444 1236 665 1320 praeiudicare
692 1237 816 1317 valeat,
859 1245 935 1321 post
965 1239 1087 1300 obitum
1116 1244 1222 1300 autem

113 1344 193 1406 »atris
218 1341 369 1405 educatio
392 1342 533 1426 prolium
555 1344 764 1407 conformiter
793 1342 922 1405 ultimae
944 1341 1098 1404 voluntati
1119 1344 1221 1425 patris

113 1449 273 1539 figatur,
299 1469 378 1529 quae
400 1448 563 1511 ordinaria
586 1451 820 1529 praesumtione
842 1468 901 1528 pro
925 1447 1146 1527 confessione,
1169 1449 1221 1510 cui

113 1561 180 1619 ater
201 1553 356 1617 addictus
378 1555 461 1635 luit,
484 1562 569 1617 stare
592 1551 772 1628 debct³⁰⁴).
816 1555 908 1615 Licet
929 1559 1035 1615 autem
1059 1553 1220 1615 decretum

113 1678 191 1725 terre
213 1660 378 1739 Regium,
402 1659 485 1740 quod
508 1663 627 1742 absque
650 1659 786 1723 consilio
805 1660 950 1723 Statuum
968 1659 1072 1739 Regni
1095 1665 1127 1720 et
1141 1678 1223 1719 non-

113 1766 165 1829 rlri
192 1765 331 1828 fortuito
361 1761 519 1847 perlatum
549 1786 620 1828 esse
652 1766 772 1829 dicitur
792 1762 874 1844 ³⁰⁶),
905 1783 964 1846 per
994 1764 1224 1827 consisto*

113 1871 205 1935 riu
223 1869 621 1935 .Hildeaholmense
658 1892 739 1934 auno
765 1875 857 1934 1829.
888 1869 991 1932 denuo
1020 1854 1087 1951 pro¹
1111 1871 1224 1931 stricta

113 1977 302 2041 observantia
322 1976 503 2039 intimatum
514 1975 596 2057 ⁸⁰⁶),
619 1977 808 2058 comprimo
827 1977 941 2038 obtutu
961 1995 1088 2037 sensum
1105 1975 1223 2037 habere
1251 2031 1252 2034 ,

113 2080 265 2147 ideaturr
296 2082 388 2162 quasi
409 2079 517 2163 proies
541 2103 558 2145 o
580 2083 793 2145 matrimoniis
815 2082 922 2143 mixtis
946 2099 1072 2162 semper
1092 2081 1127 2142 in
1148 2099 1225 2141 con-

113 2187 241 2251 hsrione
262 2187 365 2268 patris
388 2185 570 2250 educandae
592 2189 716 2251 forent:
746 2207 824 2250 usus
844 2193 950 2248 tamen
979 2166 1083 2248 alium
1100 2205 1226 2247 sensum
1265 2178 1271 2185 ⁴

113 2292 308 2357 ritrihuisse
332 2291 600 2373 deprehenditur,
622 2294 771 2354 nimirum
795 2293 895 2354 huncr
926 2298 962 2352 ut
982 2293 1067 2371 patri
1098 2290 1227 2371 quidem

113 2405 263 2480 rompetat
278 2399 335 2479 jus
351 2395 540 2478 religionem
564 2396 702 2477 prolium
724 2395 976 2476 determinandi,
999 2395 1057 2458 sed
1079 2395 1154 2457 ideo
1176 2394 1225 2457 nil
1267 2429 1270 2434 ,

113 2488 227 2583 cholet,
256 2504 442 2584 quominus,
473 2511 629 2566 annuente
652 2510 762 2581 patre',
792 2505 887 2565 etiam
910 2505 941 2564 in
965 2502 1076 2563 matris
1098 2500 1228 2563 nonies·

113 2609 193 2671 sisne
215 2607 326 2689 proles
356 2609 486 2673 educari
507 2611 649 2691 possint3
686 2610 796 2690 prouti
823 2609 857 2669 id
880 2609 988 2686 reipsa
1011 2609 1173 2684 evenisse,
1197 2613 1230 2667 et

117 2713 267 2795 signanter
304 2713 337 2774 ln
366 2713 522 2796 religione
553 2716 665 2777 matris
703 2710 881 2774 catholicae
921 2707 1029 2793 proles
1058 2712 1229 2772 mixtorum

121 2820 333 2883 connubiorum
360 2818 622 2900 frequentissime
652 2818 801 2880 educatae
829 2817 954 2895 foisse,
995 2835 1052 2878 suo
1085 2820 1229 2894 tempore

123 2921 300 3004 hpublieir
322 2923 459 3005 pagellis
481 2924 617 2988 relatum
638 2922 767 3005 legitur.
782 2916 846 2995 ⁸⁰⁷)
914 2926 916 2930 '

176 3068 248 3136 ³04)
261 3073 353 3124 Mon.
372 3072 433 3126 122.
452 3088 513 3139 pag.
532 3073 593 3124 14³.
616 3099 651 3110 -
669 3070 831 3132 auraemalae
849 3068 1077 3131 mreneneetnoo.
1097 3066 1185 3121 1826.
1204 3083 1231 3129 p.

151 3161 230 3217 12³0.
951 3182 954 3187 ·

177 3251 244 3322 305)
263 3257 304 3306 Its
321 3263 413 3307 narrat
438 3258 541 3307 Auctor
560 3257 625 3309 diss.
653 3257 711 3308 Dor
735 3255 878 3313 ndnotliohe
904 3254 992 3303 Breve
1009 3267 1068 3303 vom
1085 3250 1135 3303 25.
1152 3253 1232 3304 Mdrr

153 3343 231 3401 iseo.
250 3349 297 3399 die
312 3349 470 3412 pemiaohteo
488 3350 564 3398 Eheu
582 3347 732 3407 betreffend
753 3347 876 3398 Minerva
893 3360 919 3397 o.
937 3348 1020 3395 Bran.
1039 3346 1121 3396 leno.
1140 3341 1232 3395 1840.

154 3439 183 3492 11.
201 3443 235 3491 B.
254 3455 281 3498 p.
299 3435 368 3490 357.
393 3441 497 3501 „Dieso
523 3440 707 3504 Verordnung
724 3441 760 3490 ist
778 3440 820 3488 ihr
847 3436 900 3489 olle
925 3436 1078 3487 Provinaen
1094 3436 1159 3491 ‚und
1178 3431 1234 3484 ello

156 3529 344 3583 contessionen
363 3533 411 3581 des
429 3531 608 3597 lldnigreiohs
625 3533 779 3593 Hennoven
802 3533 865 3580 aher
883 3531 950 3578 ohne
964 3528 1076 3576 Beiroth
1093 3527 1140 3574 der
1153 3525 1234 3573 Stein-

157 3624 180 3672 ie
194 3625 251 3674 und
267 3623 350 3688 retici
374 3625 441 3672 ohne
459 3626 513 3672 erite
540 3623 756 3683 Gorstrorr'pnotor
781 3623 911 3682 gegeben,
939 3619 995 3666 uod
1020 3613 1234 3665 rielleiohtonur

158 3715 190 3764 eiu
207 3717 313 3777 reincr,
333 3721 405 3765 etws
430 3716 513 3764 durch
537 3711 667 3778 nostilige
698 3712 895 3763 Ahwesenheit
919 3711 967 3758 des
995 3705 1112 3758 weiland
1132 3704 1236 3756 Grslen
1338 3697 1340 3701 ’

159 3801 269 3857 illuster
288 3820 343 3855 von
360 3799 475 3856 London
502 3802 688 3858 veraniasster
712 3802 802 3854 zufall
830 3788 866 3853 ilii
891 3799 994 3852 Verein
1020 3799 1067 3849 mit
1093 3799 1235 3861 ltehberg,

160 3895 352 3950 iemliriinder
371 3899 419 3947 der
445 3897 685 3948 Hanndverischen
713 3891 944 3959 lintwicir'luligen
971 3891 1027 3940 uod
1045 3886 1234 3939 Verwicklun·

185 3986 230 4040 m„
850 3981 851 3986 ¹

156 3997 249 4145 3⁰3⁰&
268 4081 360 4133 Mon.
379 4078 440 4132 123.
458 4095 520 4146 pag.
541 4083 601 4132 144.
616 4106 651 4120 —-
667 4083 701 4134 ci.
721 4079 928 4132 Kirohenhiotor.
947 4076 1090 4126 Bemcrirer
1108 4087 1132 4124 o.
1150 4069 1240 4122 lien·

148 4163 243 4222 kert.
261 4169 348 4223 isra.
367 4185 392 4230 p.
412 4167 481 4222 ³73.
751 4188 753 4192 ·
1237 4215 1241 4221 ,

187 4253 252 4328 807)
271 4265 334 4315 vid.
350 4263 584 4326 aschaffenburper
603 4265 766 4313 homourche
786 4261 1014 4321 Kiretenreitoop.
1025 4252 1116 4309 1836.
1130 4250 1239 4322 294⁰·

869 4466 870 4469 ,
957 4409 1039 4474 11*
