2798 4838
652 297 882 368 ...590-

199 443 421 507 Perocbornm
448 443 483 506 in
506 439 623 506 tuenda
650 440 781 503 fortiter
811 438 984 522 disciplina
1012 439 1206 525 Ecclesiae,
1224 464 1339 511 ‘remo-

199 547 369 631 randoque
390 534 513 625 abans,
541 549 595 627 qul
618 548 650 609 in
673 548 786 627 Regno
817 545 1131 627 invaluitslaadat,
1166 554 1201 612 et
1228 562 1335 612 'terraer⁴

198 661 286 736 ptam
315 661 373 736 pe'r
395 655 579 732 Episcopos
610 650 742 715 consilii
763 653 919 713 rationem
942 655 1177 735 approbando,
1210 658 1333 719 statuit:

199 748 255 840 ut,
284 761 314 823 si
344 758 471 840 quando
506 759 741 820 matrimonium
772 756 946 820 acatholici
976 760 1144 824 siricum
1179 760 1336 825 catholica

199 863 354 945 muliere,
379 871 411 927 et
431 864 593 938 vicissim,
626 863 849 926 deficientibus
872 852 1182 928 iicetcautioulbus
1212 869 1257 928 ab
1279 868 1335 929 Ec·

200 970 300 1035 cicala
321 971 551 1050 praescriptis,
581 971 650 1033 sine
681 970 813 1030 maioris
843 967 920 1030 mali
950 970 1166 1052 scandalique
1192 971 1335 1053 periculo

199 1075 351 1152 impediri
392 1096 454 1137 non
491 1076 615 1157 possit,
652 1073 811 1155 simulque
839 1075 873 1135 in
902 1073 1069 1139 Ecclesiae
1099 1077 1284 1140 utilitatem
1310 1086 1338 1142 et

200 1202 367 1246 commune
389 1184 505 1245 bonum
536 1200 666 1261 vergere
697 1201 795 1259 posse
826 1180 1054 1263 dignoscatur,
1086 1185 1115 1245 si
1135 1183 1337 1246 *huiusmodi

199 1289 438 1352 matrimonium
461 1287 661 1367 quantumvis
684 1285 833 1347 illicitum
863 1307 969 1349 coram
999 1289 1142 1369 parocho
1175 1289 1338 1352 catholico

200 1373 427 1476 potiusquam
448 1382 600 1455 Ministro
623 1390 786 1460 haeretico
815 1391 1013 1455 celebreture
1042 1395 1213 1474 parochus
1238 1404 1336 1458 mate·

200 1498 274 1564 riali
295 1505 417 1561 tanturn
446 1499 647 1580 praesentia,
679 1497 822 1559 excluso
842 1500 953 1579 quovis
985 1519 1076 1560 sacro
1098 1502 1195 1579 ritu,
1232 1490 1334 1564 matrl'-

200 1606 308 1670 monio
329 1602 390 1667 tali
411 1605 562 1682 assistat,
585 1610 693 1684 partes
715 1624 813 1684 agens
835 1605 929 1665 testis
958 1624 1043 1666 mere
1067 1605 1260 1684 qualificati
1286 1627 1334 1670 sen

201 1708 461 1788 auctorisabilis,
494 1714 527 1771 et
558 1716 690 1789 excepto
723 1700 894 1789 coniugum
922 1730 1080 1772 consensu
1112 1713 1148 1772 in
1173 1715 1335 1776 matrimo-

200 1798 305 1893 nium,
328 1823 432 1878 actum
456 1814 561 1876 valide
583 1825 706 1896 gestum
736 1816 770 1876 in
791 1813 910 1877 librum
931 1817 1177 1879 matrimonium
1201 1819 1334 1893 inferat;

200 1923 254 1984 bic
275 1929 382 1984 tamen
406 1920 549 1983 officium
572 1941 663 1983 suum
685 1941 883 2001 nequaquam
905 1941 1049 1985 cessasse
1072 1923 1261 2002 existimet,
1282 1925 1335 1986 sed

199 2029 306 2109 potius
339 2028 427 2090 omni
458 2025 566 2088 strrdio
598 2029 632 2088 in
662 2028 697 2088 id
727 2029 907 2107 incumbat,
944 2033 1027 2090 ut'a
1049 2036 1144 2109 parte
1176 2029 1344 2092 catholica·-

199 2134 415 2212 perse'rsionis
445 2131 623 2213 periculum
654 2117 855 2214 amoveatur,
886 2135 1052 2196 universae
1078 2134 1206 2215 prolis·
1222 2135 1340 2198 edulca-

199 2240 280 2301 tioni
303 2234 508 2317 consulatur,
532 2245 565 2301 et
580 2259 655 2321 pars
677 2238 835 2302 catholica
852 2240 936 2301 serlo
960 2239 1172 2303 admoneatur
1193 2240 1237 2302 de
1255 2240 1340 2303 obii-

199 2345 328 2428 gatione
351 2365 409 2406 sua
431 2362 490 2425 pro
514 2344 635 2406 viribus
658 2344 789 2427 curandi
811 2347 1048 2408 conversionem
1079 2346 1236 2427 coniugis
1271 2368 1340 2410 aca-

198 2449 316 2514 tholici
334 2445 424 2522 ¹¹²⁷).
445 2479 485 2492 ·-
508 2449 543 2532 in
558 2453 775 2513 incorrectores
798 2457 902 2513 autem
911 2450 952 2512 ad
971 2452 1212 2514 occurrendum
1237 2453 1332 2516 adbuc

197 2559 329 2620 uberius
352 2556 600 2618 necessitatibus
622 2557 727 2636 Regni
749 2563 781 2617 et
802 2557 1009 2619 removendas
1032 2561 1207 2638 angustias
1234 2559 1329 2634 Cleri,

199 2680 277 2744 quas
306 2682 378 2724 cunr
406 2663 440 2723 in
470 2660 595 2740 literis,
634 2669 701 2724 tum
731 2663 837 2724 medio
873 2665 986 2743 Legati
1015 2664 1334 2728 circumstantialiter

189 2770 312 2857 ¹erponi
345 2768 491 2831 iecerunt
522 2769 626 2847 Regni
659 2751 851 2846 Praesulas,
884 2770 1046 2848 sequentia
1076 2774 1147 2831 tam
1179 2793 1246 2852 pro
1277 2773 1333 2833 Re-

197 2894 259 2957 gno
283 2875 468 2954 Hungariae
498 2862 593 2953 quam
621 2866 680 2955 pro
703 2872 749 2936 Μ.
767 2876 871 2937 l'rinc.
895 2874 1159 2938 Transsilvaniae
1195 2877 1329 2939 decrevit

113 3038 117 3045 .
197 2982 345 3045 Summus
368 2979 539 3041 Pontifex:
570 2976 705 3041 tolerari
727 2983 766 3042 ab
789 2982 962 3060 Episcopis
986 2999 1102 3060 posse,
1137 2988 1174 3044 nt
1198 3005 1219 3045 a
1243 3002 1331 3062 paro-

197 3087 257 3150 cho
288 3085 449 3149 catbolico
477 3090 544 3146 inm
576 3092 746 3147 consuetae
776 3085 1070 3168 promulgationes,
1102 3086 1198 3150 nulla
1230 3096 1336 3149 tamen

195 3191 363 3271 religionis
396 3209 587 3270 sponsorum
618 3194 777 3253 mentione
809 3194 947 3274 injecta,
979 3194 1075 3270 fiant,
1120 3200 1187 3254 tnm
1219 3192 1261 3254 de
1292 3196 1335 3256 iis

195 3297 336 3378 peractis
358 3294 473 3357 literae
504 3296 734 3359 testimoniales
766 3298 995 3376 concedantur,
1026 3299 1059 3358 in
1084 3300 1209 3378 quibus
1242 3302 1332 3362 arnico

197 3403 402 3464 enuncietur:
425 3399 474 3462 nil
501 3399 607 3479 aliud,
636 3382 765 3482 praeter
785 3403 952 3466 Ecclesiae
974 3403 1109 3464 vetitum
1133 3406 1184 3466 ‘ob
1218 3408 1330 3467 mixtae

195 3507 361 3589 religionis
393 3501 675 3587 impedimentum,
703 3511 907 3571 matrimonio
932 3511 1076 3584 obstare3
1113 3512 1241 3590 quodsi
1262 3532 1330 3573 vero

195 3614 377 3693 coniugium
400 3614 531 3674 mixtum
554 3633 661 3675 coram
690 3615 870 3677 acatholico
894 3617 1058 3692 ministro,
1090 3635 1151 3676 seu
1174 3637 1246 3679 non
1268 3638 1329 3680 scr·

193 3725 265 3782 vata
293 3718 398 3779 forma
428 3720 525 3782 Cone.
550 3720 732 3782 Tridentini
763 3722 839 3783 iniri
869 3723 1052 3802 contingat,
1081 3721 1121 3782 id
1152 3724 1330 3803 prudenter

194 3823 483 3905 dissimulandum,
516 3834 548 3889 ct
570 3827 750 3907 coniugium
774 3847 811 3887 eo
835 3826 931 3887 modo
954 3827 1088 3904 initum,
1119 3832 1275 3908 quamvis
1294 3827 1326 3891 il·

164 3971 167 3976 ,
193 3928 320 3994 licitum
362 3930 506 3993 futurum
529 3939 633 3994 tamen
655 3931 813 4010 validum,
843 3932 909 3994 nisi
937 3932 1128 3995 canonicum
1160 3937 1194 3997 ci
1229 3939 1325 4000 obstet

193 4033 478 4118 impedimentum,
510 4044 566 4100 ant
595 4039 629 4100 in
652 4037 868 4101 celebratione
892 4037 1036 4100 eiusdem
1067 4041 1245 4120 appositae
1269 4043 1331 4105 fue·

193 4143 259 4205 rint
281 4140 483 4204 conditiones
506 4146 705 4212 substantiae
723 4145 920 4209 matrimonii
942 4165 980 4208 ex
998 4143 1150 4210 doctrina
1172 4147 1330 4213 catholica

196 4287 444 4304 —n—-u—-n--n
527 4280 534 4293 '

63 4394 67 4399 ·
89 4372 352 4550 ΛΜΗ)
371 4377 461 4430 Mon.
480 4375 541 4432 ton.
560 4392 622 4446 pag.
641 4378 703 4431 811.
