2798 4838
589 321 640 338 ·-
665 284 742 359 ost
769 323 819 338 -

138 440 172 494 te
193 432 274 493 inito
305 427 412 492 tradat
448 426 632 491 adiuuandus
653 388 696 490 ι15
727 427 903 510 religione,
933 425 974 490 de
1004 429 1095 491 cuius
1126 424 1270 492 falsitate

136 539 303 601 convictus
328 542 387 597 est.

189 682 195 694 ·
242 718 248 723 ῃ
285 643 335 704 Ex
357 660 434 702 aevo
456 643 589 729 ¹iosepii
610 646 757 702 notamus
780 644 968 719 sequentesr

108 814 110 819 ,
242 753 316 811 455.
341 751 413 808 456.
444 746 601 808 Auiani
622 743 819 825 Eliphii,
848 748 1017 807 concordio
1044 747 1139 807 Jurie
1161 746 1269 806 Cono-

136 861 206 917 niei
227 874 300 916 cuns
321 850 451 915 Ediciie'
467 857 555 913 Cres.
578 855 684 928 Repiie
704 855 864 913 recentior
885 855 1042 913 emonoiia
1069 853 1106 910 in
1134 850 1271 911 maerin

137 964 411 1039 dispensationum
431 976 529 1034 super
548 961 778 1035 impedimentis
792 960 1002 1035 matrimonii,
1025 963 1069 1017 ad
1086 959 1272 1017 Venliun·
1372 993 1378 1005 ·

104 1122 108 1128 .
140 1073 251 1146 pariae
274 1070 411 1126 Cicron.
437 1067 584 1125 Viennae.
600 1066 698 1124 1781.
722 1062 850 1124 >Auctor
872 1061 990 1124 Edicta
1019 1060 1199 1140 losephina
1235 1060 1269 1122 in
1308 1036 1322 1064 ⁸

138 1192 175 1234 re
198 1166 447 1246 matrimoniali,
479 1176 511 1230 et
533 1169 698 1248 signanter
729 1167 835 1248 quoad
868 1166 1128 1247 dispensationes
1158 1165 1271 1228 matri·

138 1274 296 1340 moniales
318 1273 443 1354 perlata
473 1293 544 1334 carm
566 1275 669 1354 ipsius
690 1274 777 1335 larris
801 1273 956 1335 Canonici
986 1270 1109 1352 regulis
1139 1290 1271 1363 concor·

139 1383 237 1460 dare,
259 1400 449 1460 persuasum
471 1382 594 1460 pergit:
626 1378 684 1441 sed
712 1379 872 1441 refutatus
902 1385 953 1441 est
983 1379 1023 1440 ab
1045 1378 1188 1440 Auctore
1216 1395 1271 1441 aa·

141 1507 202 1568 que
235 1506 409 1566 anonymos
447 1484 696 1547 Theodosii
733 1481 981 1562 l'rasibuli,
1029 1490 1073 1544 od
1106 1485 1272 1546 Anionem

137 1597 305 1671 Eiiplsiurn
326 1596 476 1669 epistolae
496 1598 588 1653 duae.
613 1595 763 1654 Viennae.
779 1595 880 1653 1782.

241 1701 314 1760 457.
344 1699 483 1760 Franz
511 1696 638 1759 Andr.
668 1698 753 1760 Jos.
785 1696 959 1774 Miinch,
991 1701 1114 1758 obusto
1143 1697 1268 1757 uewou

141 1812 197 1867 des
219 1809 326 1866 Sionis
347 1807 382 1863 in
403 1807 582 1881 Reieirsieiti
596 1805 661 1878 auf
675 1809 725 1865 die
740 1807 840 1865 Eleon.
862 1807 926 1864 Ein
945 1806 1074 1879 Beitrup
1096 1819 1160 1863 zur
1177 1804 1267 1862 Elee-

138 1916 344 1987 oerordnunp
365 1912 483 1986 Joseple
500 1912 544 1968 ΙΙ.
566 1928 639 1969 arone
659 1915 712 1971 16.
728 1914 803 1970 Jon.
819 1914 920 1970 1783.
955 1912 1048 1970 Wien
1075 1913 1145 1968 und
1170 1911 1271 1968 Mein·
1356 1950 1360 1962 .
1388 1904 1391 1912 ’

139 2021 233 2078 cisen.
253 2019 357 2076 1784.
378 2014 411 2074 in
441 2013 545 2093 legem
576 2012 842 2088 matrimonialem
869 2013 1077 2093 losephlnam
1110 2030 1271 2093 commen-

140 2129 229 2202 tans,
253 2136 493 2198 supremamque
516 2126 708 2200 potestatem
730 2122 762 2182 in
785 2140 820 2181 re
843 2117 1025 2181 connubiali
1049 2116 1146 2180 Civili
1168 2119 1271 2196 lmpe-

137 2228 188 2288 rio
212 2225 383 2303 adserens,
408 2224 447 2286 de
470 2226 578 2288 mixtis
602 2229 698 2288 etiam
721 2227 932 2288 matrimoniis
961 2226 1093 2287 statuite
1122 2224 1157 2285 in
1179 2228 1271 2303 pote-

141 2336 222 2394 state
244 2331 434 2410 lmperantis
464 2351 554 2412 esse,
585 2352 622 2395 ea
653 2333 845 2414 prohibere,
874 2338 947 2410 aut,
979 2332 1009 2394 si
1031 2329 1087 2392 illa
1110 2328 1270 2409 admittat,

140 2434 348 2516 religionem,
374 2456 467 2516 quam
490 2437 597 2517 proles
622 2440 712 2518 sequi
735 2439 888 2518 debeant,
919 2437 1065 2499 definire.
1203 2513 1207 2519 ἱ

241 2547 316 2603 458.
340 2545 598 2620 Betroeitungen
619 2550 697 2605 iiber
718 2549 769 2605 die
790 2551 819 2606 ir.
840 2551 869 2605 ir.
893 2548 1102 2620 Verordnunp
1124 2544 1159 2601 in
1180 2545 1271 2603 Else-
1378 2554 1380 2559 '

137 2651 265 2709 sochen.
290 2651 512 2709 wiennae.
536 2649 806 2710 Constitutionem
828 2649 967 2710 matrim.
984 2647 1193 2728 losephinam
1214 2645 1271 2708 de·

138 2753 292 2831 fundens,
325 2753 478 2814 demetr.
505 2754 612 2815 mixtis
642 2761 745 2816 tenet:
769 2754 958 2833 Ecclesiae,
982 2753 1214 2835 quamprimum
1236 2754 1271 2814 in
1369 2803 1376 2809 .

138 2878 176 2920 co
199 2863 266 2936 est,
289 2864 323 2918 ut
346 2857 486 2937 populus
510 2857 646 2920 solidam
670 2881 707 2921 ac
728 2861 942 2923 illuminatam
970 2863 1004 2922 in
1033 2860 1163 2939 negotio
1194 2856 1270 2920 reli-

135 2965 241 3044 gionis
273 2964 476 3027 nanciscatur
505 2965 763 3045 institutionem,
794 2966 914 3029 nnllam
944 2972 1114 3046 suppetere
1143 2983 1270 3027 causam

135 3073 177 3134 ob
201 3090 294 3151 quarn
325 3071 537 3131 matrimoniis
571 3073 653 3133 inter
677 3072 864 3134 catholicos
895 3080 926 3134 ct
956 3074 1178 3134 Protestantes
1207 3071 1268 3132 ian·

133 3175 318 3258 pedimenta
341 3185 457 3255 ponat;
488 3178 552 3239 imo
576 3161 758 3259 Parochos,
788 3181 840 3259 qul
872 3199 909 3240 ex
930 3176 1112 3258 ignorantia
1142 3175 1270 3261 autoi-

132 3281 201 3341 ficii
224 3281 453 3361 impertiendae
482 3280 609 3345 debitae
640 3286 853 3363 institutionis
882 3283 1032 3366 neglectu
1062 3283 1127 3365 ipsi
1157 3288 1269 3345 aucto·

133 3405 185 3447 res
209 3392 301 3466 sunt,
322 3393 366 3466 <nt
396 3394 488 3448 matr.
514 3391 824 3472 mirtapericulosa
859 3391 1012 3470 evadant,
1043 3389 1084 3453 ad
1115 3408 1196 3452 onus
1218 3408 1270 3450 re·
1315 3441 1317 3446 .

133 3490 317 3574 sponsionis
340 3490 513 3553 trahendos
534 3496 652 3555 venire.

236 3599 309 3658 459.
332 3599 382 3659 Isi
401 3603 557 3677 ramniu,
580 3607 660 3663 dosa
676 3607 727 3664 die
747 3609 777 3664 ir.
794 3610 823 3667 ir.
857 3608 1108 3679 Verordnuugen
1130 3605 1167 3663 in
1179 3603 1270 3663 Eire-

133 3708 251 3765 saonen
281 3710 353 3764 dem
383 3709 588 3766 sacramente
616 3717 765 3786 enioepen
795 3703 930 3795 steleeni
961 3712 1183 3770 Wien1rsu.
1203 3704 1269 3768 ae·
1371 3780 1375 3784 ⁴

134 3828 217 3889 que,
239 3819 275 3869 ut
296 3810 403 3901 prior,
429 3811 691 3875 constitutionem
712 3813 850 3896 losephl
874 3815 1023 3877 Caesaris
1047 3812 1213 3893 defendit,
1237 3817 1288 3894 et

128 3913 174 3985 ¹de
197 3918 402 3996 quaestione:
434 3937 473 3978 an
503 3924 594 3980 matr.
621 3921 719 3982 mixta
751 3918 842 3983 licita
874 3915 965 3983 sintl
1004 3920 1165 3994 affirmate
1199 3938 1269 3981 eam

67 4027 70 4032 ’
130 4040 195 4082 non
227 4019 400 4082 secundum
423 4021 590 4101 generales
615 4027 781 4105 quaepiam
799 4006 967 4089 Ecclesiae
988 4024 1099 4106 leges,
1123 4024 1181 4087 ed
1198 4026 1269 4088 iux·

130 4133 164 4188 ta
187 4125 401 4204 particulares
425 4121 609 4208 quorumvis
631 4132 816 4213 Regnorum
839 4153 876 4195 ac
900 4131 1046 4194 locorum
1066 4128 1195 4211 regulas
1218 4130 1269 4193 dl-

130 4229 353 4312 iudicandam,
376 4253 413 4294 ac
435 4236 529 4314 proin
551 4237 584 4297 in
609 4236 781 4301 Germania
803 4240 873 4301 sine
905 4240 992 4300 omni
1022 4235 1178 4300 ulteriore
1210 4234 1270 4299 di·

131 4340 299 4400 scansione
309 4338 501 4405 affirmative
524 4340 839 4410 decidendamessaz
856 4342 1033 4429 periculum
1057 4343 1174 4427 quippe
1193 4362 1268 4424 per-
