2798 4838
546 240 808 354 Ἰ-ιιι--

130 393 185 472 pis
207 388 295 453 haud
314 387 410 453 aliter
431 386 557 452 admitti
579 389 723 470 possint,
746 408 840 469 quam
859 387 942 450 datis
957 390 1083 470 praevie
1106 410 1164 473 per
1185 409 1259 470 par-

129 506 198 560 tem
220 493 431 559 acatholicum
462 492 698 557 Reversalibus.
729 495 762 555 ln
795 493 1008 556 Conferentiis
1040 494 1093 556 die
1123 501 1152 556 6.
1186 499 1259 559 lieo.

133 608 230 666 1790.
253 603 363 664 Status
393 597 629 664 catholicorum
664 601 803 662 arnanimi
834 618 992 663 corrsrenn
1020 597 1271 680 determinavitt„

130 714 289 797 punctum
310 701 475 769 laudatum
496 690 718 769 Resolntionis
742 707 869 766 nonnisi
899 711 975 766 tunc
995 704 1028 765 in
1058 705 1184 768 tabulas
1213 704 1261 769 le-

132 834 213 897 gum
233 810 435 875 inferendum
457 831 549 891 esso,
572 813 601 872 si
621 812 667 873 ita
698 811 913 873 modificatum
942 809 1059 873 fauerit:
1087 819 1122 874 ut
1145 824 1261 889 ,omnes

132 917 247 1002 proles
268 938 396 999 semper
416 919 450 980 in
472 914 643 997 Religione
659 914 828 979 (iatlrolica
844 904 1029 979 educentur.
1052 918 1144 997 Quod
1158 920 1264 999 ipsum

134 1022 303 1088 Catholici
325 1043 387 1106 ope
408 1023 726 1103 Repraesentationis
748 1021 803 1084 dd.
836 1028 865 1083 7.
896 1024 970 1084 liec.
1005 1027 1097 1086 1790.
1129 1024 1169 1086 ad
1200 1027 1264 1087 Re-

135 1133 226 1214 giam
246 1130 452 1217 Maiestatem
474 1127 626 1191 dimissae
665 1147 702 1190 eo
731 1126 842 1190 addito
864 1126 1086 1191 declararunt:
1126 1130 1264 1192 Rosolo-

93 1267 97 1273 ·
135 1239 259 1299 tionem
282 1235 415 1316 Regiam
439 1243 471 1295 et
493 1232 656 1313 Religioni
678 1231 865 1296 Catholicae
886 1234 919 1294 in
943 1236 1054 1315 Regno
1084 1237 1264 1317 Hungariae

136 1338 406 1405 Constitutionali
426 1358 580 1420 perquam
601 1339 777 1420 derogare,
806 1346 838 1400 et
869 1358 907 1400 ex
940 1338 999 1401 illa
1022 1340 1267 1404 correlationem

137 1449 289 1511 Statuam
311 1445 352 1508 ad
369 1446 503 1507 invicem
514 1442 718 1529 ,sipiusque
742 1445 895 1526 Corporis
928 1444 1059 1507 Politici
1088 1449 1266 1509 consisten-

137 1555 221 1616 tiam
241 1549 395 1614 facillime
418 1548 513 1612 simul
536 1568 572 1612 ac
592 1549 774 1632 periculose
802 1553 917 1613 mutari
936 1572 1101 1632 possa-
1131 1553 1163 1613 ln
1182 1556 1265 1615 Con-

105 1681 110 1691 ’
139 1659 288 1721 ferentiis
309 1662 462 1738 porr-0⁷.
487 1661 517 1718 9.
535 1664 568 1719 ot
588 1661 636 1719 13.
662 1658 827 1718 Decembr.
858 1655 1269 1720 179⁰.io1'allatioi’ri-

139 1761 265 1827 matiali
296 1763 467 1825 asservatis
497 1760 644 1824 nonnulli
677 1763 778 1823 instar
813 1761 911 1822 medii
945 1762 1135 1824 obtinendae
1170 1734 1271 1825 coali-

140 1871 243 1931 tionis
260 1872 487 1949 proponebant
518 1867 667 1948 quidem,
690 1875 726 1928 ut
745 1886 900 1948 personae
927 1866 1105 1930 differentis
1137 1867 1271 1950 religio-

140 1976 194 2036 nis
222 1975 390 2036 occasione
413 1971 546 2035 ineundi
564 1954 810 2034 matrimonialis
843 1960 1025 2035 contractus
1054 1977 1178 2056 pacta
1168 1995 1272 2037 rnore-
1279 1992 1282 1998 ’

142 2086 251 2142 mento
287 2078 384 2140 Fidei
419 2077 606 2140 Catholicae
640 2078 837 2140 deservitura
867 2077 1029 2142 celebrare
1058 2086 1189 2162 paeant3
1221 2100 1275 2142 ve·

141 2206 216 2249 rum
249 2183 364 2247 (ilerus
399 2183 591 2246 Catholicae
636 2190 819 2260 constanter
861 2182 1052 2248 declaravit:
1086 2206 1120 2249 ιι
1153 2190 1185 2246 in
1212 2186 1274 2248 alia

142 2298 240 2373 pacta
268 2296 301 2351 et
319 2295 518 2369 contractus,
542 2310 634 2370 quam
660 2310 793 2370 quorum
816 2310 877 2370 ope
910 2292 1056 2354 universa
1086 2290 1216 2354 soboles
1241 2293 1273 2352 in
1387 2346 1389 2349 .

142 2396 228 2461 Fide
253 2395 421 2458 Catholica'
442 2395 607 2460 educanda
629 2395 836 2476 stipuletur,'
852 2399 1032 2458 consentire
1058 2397 1144 2475 lrand
1166 2417 1273 2478 posse.

144 2505 181 2566 ln
203 2503 267 2563 hoc
288 2503 337 2562 rei
360 2503 445 2579 situ,
468 2501 623 2580 siquidem
645 2503 678 2563 in
701 2502 911 2586 Sessionibus
929 2478 1127 2565 Diaetalibus
1152 2510 1180 2563 7.
1199 2510 1230 2563 ct
1247 2509 1275 2564 9.

144 2608 297 2673 Decemb.
317 2598 408 2668 1790.
430 2606 549 2668 habitis
573 2605 733 2668 Catholici
756 2604 1015 2685 Resolutionem,
1048 2610 1080 2668 in
1113 2606 1277 2688 praeiudi-

145 2715 232 2777 cium
254 2710 437 2791 Religionis
460 2710 649 2773 Catholicae
671 2710 770 2772 multa
793 2713 1006 2772 continentem
1029 2714 1061 2772 in
1085 2706 1204 2792 Legum
1229 2722 1277 2775 ta-

146 2817 242 2883 bulas
266 2817 381 2878 inferri
410 2823 611 2899 recusarent,
640 2813 824 2894 Evangelici
856 2821 966 2905 contra
998 2816 1127 2878 eandem
1157 2819 1189 2879 in
1220 2839 1277 2880 sua

146 2925 333 3005 integritate
364 2925 395 2984 in
418 2923 555 2984 formam
576 2920 713 2985 Articuli
740 2920 846 3001 redigi
877 2921 1099 3003 postularent:
1132 2944 1190 3002 per
1215 2927 1284 2986 Ra·

148 3029 439 3114 praesentationem
461 3029 606 3107 Statuum
629 3035 660 3088 et
683 3027 837 3089 0rdinum
860 3026 913 3089 dd.
936 3034 985 3090 10.
1004 3029 1078 3089 Dec.
1103 3035 1194 3092 1790.
1226 3039 1278 3118 to·

148 3145 220 3199 tum
241 3133 404 3215 negotium
424 3153 484 3219 pro
508 3130 655 3196 ulteriori
678 3131 841 3195 decisione
866 3134 985 3216 Regiae
1010 3135 1172 3199 Maiestati
1203 3110 1279 3245 sui·

150 3247 288 3306 stratum
310 3239 383 3304 fuit.
403 3237 466 3314 ⁹⁹¹)

587 3383 677 3490 ‘p
706 3396 792 3468 ιιι.
828 3387 871 3424 ⁸

153 3542 300 3598 Altera
327 3537 550 3595 Resolutio
578 3538 628 3593 Β.
658 3535 704 3592 Ιιι
732 3550 818 3604 que
849 3551 1007 3594 munus
1053 3526 1284 3597 assistendi

155 3637 284 3690 matr.
310 3628 454 3687 mixtis
472 3627 676 3685 Paroeirls
695 3626 922 3684 catholicis
953 3628 1164 3700 deser-tur,
1183 3635 1279 3689 ιιιιΙ.

154 3727 285 3793 loque
327 3724 407 3781 sub
452 3720 652 3792 protextu
703 3718 978 3776 matrimonia
1011 3722 1128 3777 talia·
1151 3723 1282 3795 impe.

471 3814 626 3872 diendo
643 3824 759 3879 esse,
791 3816 978 3867 cavetur.
1010 3856 1012 3861 .
1050 3816 1055 3825 ’
1099 3798 1102 3803 ’
1141 3844 1171 3883 ι·
1225 3842 1233 3853 ·

264 3981 624 4061 Repraesentationibus
647 3946 886 4040 Gatirolicorum
915 3977 1065 4041 advorsus
1098 3980 1290 4054 Resolutioa,

161 4109 235 4152 nem
256 4089 390 4168 Regiam
415 4085 455 4147 de
478 4089 507 4146 7.
524 4085 603 4148 Νοι.
625 4089 715 4148 1790.
736 4085 813 4145 item
832 4081 1114 4159 ¹Remonstratione
1138 4078 1284 4151 Statuam

168 4230 417 4254 -ι--ι-’.Ἀ

235 4297 303 4365 991)
321 4302 447 4352 Dianium
467 4301 558 4351 domii.
578 4314 602 4358 ιι.
624 4297 691 4348 m.
710 4313 744 4348 ιι.
764 4323 798 4336 -
819 4300 890 4348 Actu.
912 4298 1003 4348 floruit.
1030 4312 1054 4355 n.
1084 4295 1153 4349 lle.
1177 4312 1180 4317 ·

202 4399 379 4465 Roaioou'up,
398 4406 431 4454 de
440 4405 520 4456 Mori.
530 4405 633 4455 Mincio.
641 4405 665 4454 1.
1049 4391 1088 4448 33
