2798 4838
595 239 797 307 ..10-

141 382 238 446 dictio
257 372 450 463 parochialis
466 400 504 443 ex
518 381 578 443 hae
593 380 740 442 Ecclesia
757 373 955 454 eliminetur,
978 377 1144 459 cultusque
1158 377 1258 461 plane

140 486 319 569 Religionis
350 486 533 550 Catholicae
564 488 788 567 supprimatur.
819 485 1075 547 Praedicatorum
1107 485 1258 547 consiliis

140 595 250 656 annuit
270 595 496 674 Magistratus,
518 597 550 653 et
571 592 695 653 iteratis
717 591 839 653 Edictis
862 613 890 652 a.
909 596 1006 669 1578.
1030 597 1062 651 et
1087 597 1177 653 1588.
1201 610 1257 652 55-

141 697 320 782 5515115555
343 700 375 759 15
397 695 542 759 Ecclesia
561 696 725 779 praedicta
743 698 866 758 institui
883 695 1067 775 prohibuit,
1090 698 1256 778 Episcopo

140 805 266 867 demum
297 805 481 884 Augustano
513 801 702 865 declaravit:
720 805 769 863 155
801 801 885 863 haud
906 800 1134 877 toleraturum,
1166 808 1201 863 ut
1221 803 1259 865 iu

140 908 284 971 Ecclesia
307 906 362 969 illa
385 907 490 968 cultus
512 904 690 987 Religionis
713 906 898 969 Catholicae
918 901 1148 977 5555551551)
1230 912 1233 916 ’

564 1075 748 1180 se·
863 1084 866 1089 ·

139 1217 317 1275 noenta
343 1217 604 1284 synodorum
638 1218 723 1273 Sec.
744 1215 849 1272 m.
876 1214 1080 1273 aduersus
1105 1215 1254 1280 notri·

546 1306 688 1364 monio
706 1307 847 1363 mixto.

242 1447 443 1524 Quantopere
464 1442 630 1509 Ecclesiae
653 1446 806 1507 Rectores
823 1447 862 1505 ab
878 1441 1030 1504 ineundis·
1043 1445 1257 1507 matrimoniis

140 1549 276 1630 dlsparis
300 1548 405 1611 cultus
427 1548 540 1612 fideles
566 1570 641 1612 suos
665 1550 827 1612 dehortati
850 1549 985 1611 fuerint:
1017 1567 1054 1607 eu
1082 1549 1257 1611 innumeris

140 1656 268 1727 statiuis
300 1660 332 1715 et
359 1657 533 1717 canonibus
571 1660 772 1734 synodorum
809 1673 880 1716 eum
911 1652 1158 1715 Prouincialium
1190 1662 1278 1716 tum·

139 1758 406 1823 litoocesanarum
426 1757 541 1822 855515
563 1759 648 1823 xvi.
671 1759 713 1823 ad
732 1760 829 1820 tinem
851 1763 999 1839 vergente
1026 1756 1259 1846 celebratarum

140 1858 249 1925 doceri
271 1869 396 1942 potest3
420 1865 533 1944 quibus
555 1862 704 1927 videlicet
728 1863 863 1944 iideles,
892 1856 1077 1945 propositis.
1095 1854 1259 1946 'multipli-

139 1969 229 2031 cibus
251 1968 404 2049 periculis
427 1968 523 2032 saluti
546 1971 667 2032 animae
691 1990 727 2032 ex
749 1970 960 2031 matrimoniis
984 1970 1098 2029 mixtae
1126 1968 1260 2050 religio-

139 2070 189 2135 515
207 2070 276 2136 'mm
299 2073 404 2154 quoad
419 2077 571 2156 coniuges
590 2092 682 2156 quam
699 2073 808 2158 proles
827 2068 1104 2154 impendentibus,
1126 2074 1166 2136 ab
1189 2074 1261 2137 illis

139 2173 287 2241 ineundis
309 2179 523 2255 deterrentur3
554 2182 706 2243 Paroehis
728 2201 826 2263 porro
848 2180 1122 2241 matrimoniorum
1139 2181 1261 2242 -hornm

139 2282 319 2347 benedictio
351 2293 384 2350 et
412 2283 619 2349 solennisatlo
651 2289 710 2348 sub
732 2288 879 2366 gravibus
901 2285 1016 2365 poenis
1033 2283 1259 2360 interdicltnr3

139 2391 223 2473 ipsis
252 2389 385 2473 denique
416 2393 623 2473 coniugibus,
655 2393 709 2472 qul
740 2394 773 2453 in
803 2393 968 2453 obversum
1000 2408 1153 2452 canonum
1181 2389 1259 2452 talia

140 2497 298 2559 connubia
320 2497 506 2568 contrahere
528 2502 703 2575 attentant,
731 2517 853 2580 poenae
875 2495 1043 2558 dictantur.
1088 2496 1256 2576 Signanter

140 2603 173 2663 in
198 2600 343 2664 Concilio
366 2603 617 2664 Ebroieensi
638 2623 666 2664 a.
694 2581 1258 2683 15751555155155555555555-

140 2711 257 2769 tionem
285 2706 648 2785 incurrerecensentnr,
676 2709 731 2789 qui
751 2726 822 2770 cum
849 2704 1019 2797 haereticis
1037 2705 1260 2787 quoquomodo

141 2806 173 2873 in'
196 2808 318 2875 'divinis
351 2815 664 2890 communicaverint,
695 2834 766 2874 cum
796 2815 900 2894 iisque
926 2813 1159 2873 matrimonium
1181 2832 1262 2874 con-

140 2917 265 2988 trahere
295 2918 600 2998 pressu-mserint⁵);
631 2921 663 2980 in
695 2921 730 2981 0.
761 2919 1007 2982 Lexoviensi
1035 2939 1063 2979 a.
1096 2922 1188 2980 15811.
1220 2914 1264 2979 55

139 3022 377 3084 Sacramentum
394 3025 592 3087 Matrimonii
613 3025 768 3085 neminem
791 3023 831 3084 de
860 3032 1028 3105 praetensa
1051 3021 1186 3084 55515515
1209 3042 1263 3084 re·

139 3120 277 3189 formata
308 3121 434 3189 admitti
464 3130 552 3205 prius
582 3148 680 3209 posse
708 3130 864 3191 sancitum
888 3134 956 3205 est,
990 3148 1082 3208 qrram
1103 3127 1181 3190 fidei
1205 3149 1260 3190 ca·

139 3229 281 3294 thelicae
305 3234 540 3314 professionem
568 3231 771 3308 elicrrerit⁶);
811 3232 958 3314 Synodus
987 3231 1260 3314 Burdigalen-

139 3337 242 3399 5151.
265 3357 293 3400 a.
317 3343 409 3400 1588.
432 3338 546 3401 1155155
569 3341 755 3419 saepissime
776 3339 898 3401 moneri
920 3339 1026 3417 iubet,
1054 3358 1093 3400 ne
1115 3339 1256 3400 haereti-

138 3442 187 3503 cis
222 3441 328 3526 proles
359 3463 432 3505 snas
460 3445 494 3504 iu
525 3445 757 3506 matrimonium
788 3441 964 3521 collocent,
1008 3463 1079 3505 cnm
1109 3460 1167 3526 per
1196 3443 1260 3504 hoc

138 3542 241 3609 multi
258 3547 459 3631 narriragium
487 3548 565 3612 iidei
587 3549 721 3611 iecerint
738 3545 778 3626 ⁷);
810 3548 989 3611 Concilium
1012 3549 1260 3610 Turonense

137 3674 166 3715 5.
191 3653 282 3716 1588.
305 3647 480 3736 praemissa
501 3675 520 3717 a
541 3656 751 3718 matrimoniis
772 3655 888 3717 mixtis
918 3646 1162 3732 dehortatione,
1192 3653 1260 3715 (15-

150 3775 396 3795 m*-

206 3840 237 3905 i)
256 3847 291 3896 51.
310 3847 529 3906 Sertorius,
551 3846 703 3899 Gesehichte
720 3850 767 3898 der
785 3849 865 3898 stadt
885 3849 1072 3898 1155555555.
1100 3844 1260 3903 Ernnirfurt.

169 3932 258 3986 1779.
274 3963 311 3974 -
328 3937 622 4004 lirini-godenier,
642 3940 794 3989 Geschichtc
802 3941 849 3990 555
869 3940 1054 3991 1515555555
1074 3939 1099 3989 b.
1119 3936 1211 3988 115555
1229 3935 1259 3985 irs
1283 3930 1285 3935 ’

171 4026 353 4080 1155555555.
373 4026 459 4081 1815.
478 4028 611 4081 811555.

209 4111 239 4178 5)
256 4118 405 4170 bionum.
425 4121 450 4172 1.
469 4136 531 4186 pag.
550 4121 575 4170 1.

205 4196 238 4257 6)
255 4210 343 4264 5155.
362 4213 389 4264 2.
407 4227 469 4279 pag.
489 4214 514 4262 1.

203 4300 235 4365 7)
254 4305 343 4356 bion.
365 4304 472 4377 85555.
491 4304 516 4352 8.
