2798 4838
582 237 812 311 ..179-

138 403 199 468 que
229 379 325 464 plane
356 400 538 465 supremum
566 381 755 445 Provinciae
786 379 986 445 Praesidium
1017 400 1057 445 ar
1084 379 1272 448 immediato

137 489 259 572 Regiae
280 487 463 553 Maiestatis
485 486 634 552 mandato
657 487 839 552 Vicariatui
870 484 1065 551 declaravit:
1100 489 1268 571 principiis

137 594 316 678 Regiminis
350 593 472 677 oppido
503 592 686 678 adversari,
714 599 750 656 ut
780 614 799 656 a
832 593 970 675 Sponsis
1001 595 1200 674 promissum
1231 594 1263 659 da

137 699 329 765 educatione
350 699 513 764 catholica
534 697 673 780 prolium
696 700 855 781 exigatur,
878 705 912 762 et
932 702 1095 781 promisso
1111 699 1201 762 haud
1220 719 1261 764 sc-

86 842 88 851 =
138 813 238 892 quuto
269 807 456 870 assistentia
482 806 617 888 parochi
646 804 830 886 denegetur.
855 807 1059 887 Quapropter
1081 805 1260 870 Vieariatus

134 911 403 995 Aquisgranansis
426 931 488 993 ope
508 912 584 974 novi
606 909 783 974 circularis
815 909 857 972 ad
880 909 1010 976 (ilerum
1039 914 1194 977 Curatum
1215 911 1259 976 dd

140 1026 170 1086 i.
194 1021 292 1084 Febr.
319 1022 410 1081 1819.
431 1016 559 1080 dimissi
580 1016 808 1081 declarandum
841 1017 950 1081 duxitr
984 1020 1080 1082 verba
1111 1025 1259 1101 postrema

137 1126 258 1208 prioris
280 1124 525 1203 lnstructionis,
548 1143 682 1206 quorum
704 1144 818 1187 sensus
839 1143 898 1206 per
919 1123 1091 1187 nonnullos
1124 1125 1259 1207 amltigue
1288 1190 1291 1195 ,

139 1236 209 1295 erat
230 1228 403 1308 redditus,
422 1227 541 1292 reterri
563 1227 668 1291 solum
690 1227 732 1292 ad
755 1229 943 1293 methodum
964 1248 1024 1312 per
1039 1231 1202 1314 parochos
1219 1248 1259 1294 aa

140 1337 321 1400 sistentiam
352 1332 544 1415 denegantes
576 1335 664 1398 iuxta
695 1334 857 1398 decretum
889 1337 1070 1418 Regiminis
1102 1337 1259 1401 obsansn

142 1441 237 1522 dam,
258 1441 408 1503 nimirum
429 1448 464 1502 ut
487 1441 608 1524 scripto
632 1431 798 1503 declarent
828 1441 1038 1523 documento,
1069 1462 1206 1526 quanam
1232 1460 1260 1505 ex

141 1567 237 1612 causa
259 1546 476 1610 assistentiam
497 1547 651 1628 praebere
673 1553 843 1628 nequeant.
870 1543 932 1620 ³³⁷)

631 1735 667 1830 §-
697 1738 786 1812 soa.

84 1929 86 1934 s
139 1875 286 1938 Edicta
304 1874 440 1946 Retia
453 1880 497 1935 et
520 1874 821 1936 mateteriam·
837 1891 918 1952 pro
935 1891 1006 1948 co,
1027 1879 1081 1936 ut
1094 1872 1263 1938 Par-§affl
1282 1852 1286 1873 ¹

139 1966 349 2031 &mirossai
367 1980 394 2027 ιι
406 1966 951 2120 ponenmplrmpeurmenam
965 1968 1263 2032 efficacitas-oo·

635 2063 831 2121 nentur.
1225 2069 1229 2077 '

192 2178 195 2186 Ι
242 2221 418 2303 Postquam
440 2222 509 2285 Rex
530 2223 704 2285 Borussiae
727 2222 907 2286 Vicariatui
943 2224 1261 2305 Aquisgranensi,ot

141 2327 300 2408 diximus,
320 2344 380 2408 per
401 2346 587 2428 supremum
609 2329 796 2392 Provinciae
819 2330 992 2393 Rhenanae
1013 2328 1205 2394 Praesidem
1222 2328 1259 2392 iu·

147 2471 397 2492 m

212 2557 280 2624 337)
298 2559 389 2612 Mon.
408 2559 470 2611 141.
488 2574 551 2625 pag.
570 2559 632 2613 168.
650 2589 688 2599 -
706 2561 783 2626 Quae
802 2564 836 2614 de
855 2576 921 2613 csso
938 2562 1055 2613 Perochi
1066 2562 1096 2614 in
1113 2565 1261 2627 nteiatem

177 2655 205 2706 in
224 2650 364 2715 sequelam
384 2651 573 2702 instructionis
592 2666 610 2702 a
637 2651 776 2704 vicariatu
803 2655 881 2705 datae
908 2656 1108 2706 matrimonium
1134 2656 1261 2720 quodnisi

177 2745 286 2796 mixtum
303 2757 471 2806 nequaquam
484 2741 654 2809 copulantis,
672 2745 799 2813 pagellae
817 2751 995 2797 memorataer
1006 2749 1130 2810 discolor.
1151 2746 1262 2814 mast·

175 2838 277 2897 schrift.
287 2838 352 2888 rut.
361 2833 449 2887 1820.
459 2850 485 2894 a.
495 2833 567 2888 5³8.
577 2843 605 2888 et
622 2838 673 2887 Zu
682 2853 707 2888 ιιι
716 2840 759 2887 -ii
770 2852 787 2887 a
795 2853 810 2888 c
819 2839 922 2904 ir,rtber
936 2840 981 2890 die
991 2841 1068 2892 litteo
1079 2839 1260 2892 socam*

176 2929 293 2980 ttotiirerc
310 2930 367 2979 aad
391 2931 587 2979 Protertaatca.
612 2918 1048 2992 ΚόΙιι.1880.ιι.3.’1Ῑ.ιιιίιιιιι
1075 2934 1186 2986 sincera
1206 2931 1261 2985 raia·

175 3026 253 3072 runt:
270 3034 303 3071 es
318 3020 391 3070 iuxta
408 3020 553 3085 genuinam
572 3018 732 3072 relationem
754 3023 870 3073 Pcrocti
891 3026 1114 3088 Aquiaprcrtertrs'r
1127 3021 1262 3079 Nailos·

176 3127 258 3172 sen,
266 3111 376 3172 ricittipe
390 3111 502 3161 Aasiott
515 3113 562 3162 des
573 3113 740 3164 strictitatem
754 3115 938 3177 Eteoartrops.
952 3118 1069 3169 Acriter.
1079 3115 1167 3169 tart.
1175 3132 1200 3178 p.
1209 3105 1262 3168 ill·

175 3202 206 3263 ff.
233 3207 261 3252 et
279 3199 422 3263 epistolam
441 3202 527 3264 ipsius
545 3204 661 3256 Parochi
679 3207 915 3273 Rheinbergensis
934 3210 977 3259 tid.
996 3209 1022 3259 2.
1040 3210 1106 3260 Maii
1131 3210 1211 3262 1820.
1226 3215 1262 3271 pti

178 3290 315 3342 laudatum
346 3294 497 3345 Parochum
528 3293 665 3362 vulgatam
692 3299 745 3348 huc
776 3299 907 3350 redeunte
940 3301 1100 3353 Praesident
1125 3296 1263 3370 Regiani·

180 3381 356 3437 coloniensis
382 3384 531 3438 vicariatui
557 3402 607 3450 pro
626 3387 732 3440 medela
750 3388 880 3441 retulisse
909 3393 1034 3453 quidem,
1054 3396 1127 3455 quod
1145 3392 1261 3458 puceu

178 3476 351 3539 saepedictus
381 3492 500 3540 sponsae
517 3477 666 3532 catholicae
684 3483 745 3532 uiro
764 3481 912 3533 acatholico
936 3487 1063 3536 nubentis
1081 3492 1111 3538 et
1128 3499 1179 3550 per
1195 3481 1259 3537 litini-

183 3575 269 3620 strum
295 3570 495 3637 Evangelicum
522 3569 663 3635 copulatae
689 3576 892 3627 confessionem
918 3577 1027 3641 audire,
1056 3592 1172 3641 esmona
1196 3579 1228 3630 ad
1241 3564 1277 3626 t'

178 3661 401 3715 Communionem
434 3663 573 3716 admittere
609 3663 741 3730 noluerit;
768 3682 849 3730 porro
885 3674 1065 3734 parochums
1091 3667 1260 3724 vicariani!

177 3755 364 3813 quaestionem
390 3761 516 3807 vocatum
539 3761 568 3808 et
594 3758 628 3807 ad
659 3770 728 3808 onus
754 3762 942 3824 responsionis
977 3767 1090 3814 tractum
1119 3765 1207 3816 tuisse
1227 3750 1261 3812 sti
1298 3766 1303 3775 '

111 3888 114 3893 .
177 3844 289 3898 manime
306 3845 383 3907 ideo,
402 3848 488 3910 quod,
508 3847 613 3910 sipara
633 3848 766 3901 catholica
790 3868 873 3916 super
890 3855 1010 3905 admissa
1037 3853 1119 3918 culpa
1136 3854 1263 3920 poeniteo·

179 3934 243 3985 tiam
260 3941 339 4001 agat,
356 3950 374 3986 a
400 3937 581 3990 Confessione
605 3938 703 4002 repelli
728 3944 800 3994 haud
827 3947 935 4010 possit;
953 3954 997 3999 sst
1015 3945 1153 4009 querelam
1180 3961 1213 4000 aa
1229 3935 1268 3994 ,si

179 4031 256 4088 parte
273 4039 368 4077 veram
384 4028 493 4080 minime
519 4029 620 4094 tuisse,
639 4032 753 4092 quasis
779 4036 961 4091 confessione
984 4053 1088 4102 sponsa
1112 4037 1162 4091 iila
1185 4037 1273 4101 reim*

179 4130 228 4180 per
245 4119 390 4180 parochum
416 4118 527 4182 repulsa
553 4123 651 4174 iueritc
670 4138 730 4176 cunr
747 4131 881 4190 parochus
908 4132 1110 4184 contessionem
1136 4128 1212 4184 uirus
1229 4140 1284 4182 ον

180 4210 299 4272 ceperit,
317 4212 390 4261 etin
409 4211 438 4262 S.
464 4212 603 4265 tribunali
627 4215 665 4264 ita
682 4229 715 4267 se
738 4223 873 4289 gesserit,
901 4229 982 4288 prout
1000 4225 1072 4278 iuxta
1099 4215 1292 4290 principari·

180 4296 296 4356 mentem
313 4297 454 4357 ticcieuae
473 4319 505 4358 se
523 4321 621 4373 gerere
639 4307 738 4364 debuit.
