2798 4838
151 413 201 475 nis
231 409 406 473 liberorum
414 455 426 495 ,
456 409 658 488 rixarnmque
691 416 723 470 et
752 407 917 489 odiorum,
955 428 1035 489 quae
1052 407 1162 472 'facile
1191 411 1279 474 inter

150 518 338 598 coniugator
360 513 434 576 inde
459 515 622 575 oriunturr
637 513 727 594 'quae
750 533 875 576 causae·
892 519 982 592 sunt,
1014 523 1144 592 qrrarum
1173 517 1277 578 ratio-

150 634 188 684 ne
210 624 292 684 fixus
313 621 345 682 in
368 640 405 682 eo
438 617 584 681 manebat
615 617 783 699 clemens,
813 625 848 680 ut
875 639 938 680 non
971 617 1173 699 dispensaret
1202 640 1275 684 oum

148 728 315 806 Barrensi,
337 724 405 790 nisi
422 722 511 808 prius
535 725 706 787 catharina
730 726 887 787 haeresim
920 725 1074 803 eliceret,
1105 729 1209 806 aquo
1231 725 1274 788 11-

110 805 119 824 *
146 831 177 896 la
201 832 428 895 alienissimam
450 850 485 892 se
507 832 701 910 praebebat,
734 849 772 892 ao
804 829 939 910 proinde
968 837 1027 892 nec
1058 825 1274 910 dispensatio-

146 952 217 1001 nem
240 940 391 1016 currebat,
406 954 472 1016 ,neo
504 955 539 998 se
561 933 619 997 illa
649 940 772 1016 egere,¹
793 945 849 998 aut
877 928 1065 998 Pontificem
1091 937 1273 1000 ‘auctorita-

144 1052 208 1107 tem
230 1045 348 1106 habere
370 1037 439 1104 earn
462 1041 684 1122 impertiendi,
708 1049 763 1103 aut
786 1040 921 1120 denique
944 1043 1178 1104 matrimonium
1213 1041 1272 1105 Sa-

144 1144 433 1210 cramenthm'esse
455 1149 657 1227 agnoscebat.
682 1148 802 1226 Quibus
825 1146 962 1208 addebat
984 1147 1154 1224 Pontifex,
1172 1149 1201 1209 sl
1220 1167 1272 1211 se·

144 1234 229 1339 rrielf'
247 1250 520 1334 dispensationem
555 1256 787 1328 concessisset,
826 1260 901 1313 tuus
940 1272 998 1313 nec
1044 1249 1270 1332 catharinam,

144 1348 269 1420 etiari'rsi
291 1359 355 1420 iam
378 1357 610 1436 praeseferret,
635 1359 750 1420 instrui
772 1357 874 1435 veile,
907 1356 1044 1438 amplius
1076 1357 1111 1419 id
1143 1356 1270 1421 curatu-

142 1452 285 1545 ram,“et
305 1460 467 1545 principes
490 1462 717 1543 Lotharingios
742 1465 906 1543 segniores
929 1463 1000 1525 fore
1032 1463 1072 1524 ad
1105 1466 1174 1526 eius
1193 1471 1269 1526 co'n·

141 1561 607 1655 versionemprocurandamss'
631 1567 740 1630 itluitis
774 1569 900 1631 tandem
932 1570 1103 1648 precibus,
1127 1574 1160 1630 et
1182 1588 1269 1631 eum-

142 1667 253 1752 priniis
275 1672 472 1757 pd'enitentia
494 1694 552 1754 per
583 1675 701 1736 Dircam
734 1677 937 1737 barrensium
969 1680 1065 1753 super
1095 1677 1268 1737 commisso

140 1774 231 1843 ie'atu
251 1774 348 1857 acta,
367 1788 463 1861 prout
485 1787 517 1841 et
537 1782 722 1860 promisso,
746 1781 830 1862 quod
850 1780 1071 1859 catharinam,
1094 1798 1188 1859 qnam
1204 1781 1269 1843 iam

141 1884 305 1967 coniugem
329 1882 480 1965 dure'r'at,
511 1904 528 1946 a
562 1906 596 1948 se
626 1886 838 1964 dimissurus,
870 1907 928 1948 neo
959 1888 1047 1967 prius
1078 1893 1268 1966 recepturus

140 1994 203 2072 sit,
232 2010 323 2071 quam
353 2011 370 2051 a
404 1991 561 2052 Pontifice
598 1991 868 2073 dispensationem
904 1994 1082 2070 obtineret,
1114 1991 1268 2073 fatigatus

140 2088 306 2176 Clemens,
330 2096 456 2173 annuit,
480 2102 515 2157 nt
537 2097 697 2176 negotium
720 2098 782 2158 hoo
811 2099 844 2159 in
875 2105 1028 2159 maturam
1050 2096 1266 2161 'deliberatio-

138 2180 394 2263 ti'erii'suinatnrss
425 2199 524 2262 'l'este
564 2203 672 2281 itaque
714 2200 943 2295 cardinali
982 2205 1017 2265 u'
1047 2205 1195 2283 cssat,
1219 2196 1266 2278 ii)

113 2298 402 2400 *Pipr'paeuliari
425 2306 676 2387 congregationi
699 2327 715 2369 e
739 2318 875 2388 quatuor
900 2307 1077 2389 Religiosis
1100 2315 1132 2370 et
1153 2304 1266 2372 norem

138 2394 364 2474 cardinalibus
387 2414 542 2474 'conflatae
565 2412 797 2476 discussionem
820 2414 924 2475 meriti
945 2415 1059 2494 istius,
1085 2420 1118 2476 et
1135 2415 1263 2495 signau-

137 2523 187 2579 ter
207 2511 330 2606 harum
343 2519 561 2596 quaestionum
584 2518 773 2580 solutionem
797 2521 976 2582 commisit:
999 2541 1037 2582 an
1070 2522 1159 2602 Papa
1186 2538 1260 2603 pos·

137 2622 181 2684 sit
203 2596 391 2704 dispensare
411 2624 446 2686 in
463 2623 619 2703 gradibus
651 2625 956 2705 consanguinitatis,
989 2626 1062 2687 dnm
1095 2631 1167 2688 una
1185 2645 1261 2707 pars

136 2729 186 2790 es't
205 2718 391 2811 haeretica?
413 2748 451 2790 an
473 2730 505 2790 in
530 2748 606 2792 casu
636 2724 805 2810 praesente
836 2729 923 2792 adsit
951 2751 1047 2793 causa
1070 2731 1264 2815 dispensan-

136 2831 266 2898 ditas
274 2832 311 2895 id
332 2832 439 2897 facere
458 2834 632 2916 expediati
655 2832 686 2898 et
707 2856 746 2897 au
769 2835 876 2898 adsint
899 2835 1039 2917 exempla
1072 2836 1185 2898 talium
1212 2836 1264 2900 dl-

134 2926 399 3026 irpensationun'r‘i
430 2942 508 3029 l'ost
535 2939 650 3004 multas
674 2960 732 3022 pro
756 2947 788 3002 et
810 2948 919 3004 contra
942 2941 1177 3022 disputationes
1204 2962 1264 3006 an·

135 3054 193 3107 irc·
200 3031 329 3107 tandem
354 3036 449 3108 16113
469 3042 779 3108 disseminans
801 3046 897 3107 iussit
925 3046 1073 3109 clemens
1107 3042 1263 3128 Episcopo

138 3122 356 3212 varannae
381 3142 505 3213 ‘scribis
543 3153 687 3230 „Ducem
710 3150 905 3212 Banansem
936 3153 975 3214 ab
1008 3152 1262 3217 excommnnloa'-

134 3225 252 3334 tidie,
262 3255 412 3337 aliisque
422 3250 564 3319 censuris
589 3252 837 3337 ecclesiasticis,
859 3259 891 3318 in
906 3276 984 3338 quas
1007 3246 1200 3321 incurrisset
1217 3262 1261 3324 ob

134 3362 291 3426 incestum
313 3354 463 3425 eumeuii
485 3362 852 3443 consanguinea,atqrie
875 3364 1016 3444 abipso
1046 3365 1173 3426 incestu
1201 3367 1261 3428 ab·

130 3454 245 3546 scivi,
259 3474 292 3530 et
312 3473 387 3549 post
409 3464 581 3529 iaintareui
601 3467 784 3550 impositam
817 3469 1045 3550 poenitentiam
1074 3468 1258 3552 dispensari

130 3570 207 3632 'buin'
225 3569 284 3634 illo
307 3564 404 3654 super
425 3570 577 3655 gradibus
607 3574 911 3654 consanguinitatis,
940 3579 975 3636 ut
1005 3581 1117 3655 posset
1144 3578 1257 3639 matri-

131 3670 272 3763 mhn'ium
294 3676 397 3740 denuo
419 3670 608 3741 contrahere
629 3699 700 3741 eum
723 3681 896 3742 catharina
926 3710 968 3723 —
996 3679 1122 3743 scilicet
1145 3700 1256 3744 coram

129 3764 270 3862 parocho
292 3790 325 3844 et
346 3782 469 3845 duobus
492 3784 648 3871 testibus,
670 3787 700 3846 si
731 3784 912 3847 concilium
943 3785 1099 3848 Trid.·in
1129 3786 1255 3850 Letha-

129 3883 247 3968 rln'gia¹
262 3884 495 3971 promulgatum
522 3886 657 3971 inisset,
688 3890 737 3952 sin
766 3891 888 3971 minus,
919 3911 977 3971 per
1007 3890 1108 3953 solum
1135 3906 1256 3956 norum

130 4012 336 4071 consensum,
360 4000 392 4056 'et
411 3995 445 4056 in
465 3992 524 4056 iilo
546 3994 637 4058 licite
657 4013 860 4076 permanere,
881 3997 932 4058 his
955 4003 1058 4060 tamen
1089 3995 1255 4061 conditio·

129 4098 241 4158 nibus:
263 4098 309 4159 Ut
331 4099 397 4164 iter
419 4097 565 4182 calliae,
587 4103 659 4166 lius
680 4101 923 4184 Lotbaringiae,
953 4110 986 4166 et
1013 4104 1083 4166 iius
1112 4103 1255 4169 listren-

133 4242 377 4260 m

199 4327 246 4394 82)
266 4334 349 4391 Eous.
363 4330 427 4386 219.
449 4340 474 4386 et
486 4331 548 4389 221.
650 4395 653 4400 ,
