2798 4838
554 260 782 332 ..331-

111 423 167 472 um
184 403 367 486 nuptiarum
382 402 576 486 prohibitio;
600 403 681 469 uncio
700 404 795 470 etiam
804 401 963 484 ostendit,
985 403 1223 470 Summosl’on-

111 513 204 576 incer
212 529 271 593 per
280 511 473 572 recentiores
481 511 726 573 constitutiones
743 510 791 574 nil
804 511 876 574 nori
893 509 993 574 isacio
1005 512 1136 574 materia
1152 531 1225 574 sarr·

111 622 207 700 isse,
228 615 288 678 seri
302 615 359 696 id,
379 615 464 695 quod
487 634 632 697 semper,
653 614 737 695 quoi
763 616 898 697 ubique,
920 615 1003 698 quoti
1019 615 1059 678 ab
1077 615 1226 678 omuibus

111 719 357 801 redimiuit,
377 723 411 783 in
429 723 613 784 memoriam
634 722 850 799 revocavisse3
871 729 939 787 turn
958 721 1097 785 affirmat
1114 720 1225 785 cariem

112 827 370 911 epraesentatio,
392 826 510 909 absque
526 825 669 909 periculo
686 827 876 892 Schismatis
893 827 1014 911 praxim
1027 827 1061 890 in
1078 827 1226 890 Dioecesi

111 927 1224 1016 laticlavicnsialraliquotemporoinvectamcontinuarinequire.⁶²⁸)

203 1043 235 1103 4.
257 1037 466 1103 Peculiariter
481 1039 755 1105 commemorantia
779 1041 865 1104 venit
886 1041 1134 1123 repraesentatio
1151 1035 1225 1102 Cle·

116 1145 270 1209 ncuratr
297 1145 574 1210 commissariatus
613 1145 845 1209 'leschin
864 1165 947 1211 ens
963 1147 1008 1209 is
1046 1146 1081 1208 in
1108 1141 1225 1207 Silesia

122 1250 269 1314 lustriaco
293 1253 375 1338 siti,
415 1258 449 1314 et
480 1257 552 1314 octo
581 1250 918 1333 Archibresisyteratns
950 1253 1018 1316 sisa
1047 1253 1225 1317 Decernatur

123 1356 318 1435 numerantis,
353 1356 570 1420 iurisdictioni
592 1355 753 1439 spirituali
779 1356 1226 1443 Episcoinratislaviensis
1310 1426 1311 1431 ἵ

124 1462 250 1542 rubJecti.
293 1460 406 1526 clerus
438 1462 586 1525 nimirum
608 1462 683 1542 iric,
714 1461 944 1545 copulationem
968 1464 1001 1527 iu
1025 1464 1132 1527 ruistis
1158 1482 1227 1525 mas·

124 1567 261 1630 trinoniia
291 1587 350 1650 per
376 1567 526 1632 Edictum
556 1566 776 1632 Tolerantiaie
807 1568 1085 1635 indiscriminassm
1112 1568 1225 1650 peragi

123 1669 264 1736 lauretum
302 1692 373 1736 crrru
410 1674 626 1737 sanctionibus
663 1676 824 1739 canonicis
865 1675 1039 1757 componi,
1075 1678 1107 1736 et
1141 1692 1226 1735 nunc

120 1781 288 1857 praesertim
314 1784 389 1858 post
419 1785 469 1841 tot
499 1777 645 1843 solennes
677 1780 771 1845 Sedis
801 1781 961 1847 Romanae
990 1778 1227 1844 enunciationes

120 1880 187 1947 ultro
211 1886 390 1948 continuari
415 1883 501 1948 hauri
527 1903 624 1966 posso
655 1881 867 1967 intelligens,
905 1887 1007 1968 primo
1032 1884 1074 1948 ari
1100 1883 1226 1953 uouer-

119 1987 189 2053 rium
209 1991 401 2054 Caesareum
423 1992 458 2054 in
481 1991 624 2054 Moravia
655 2008 693 2053 ac
718 1990 834 2055 Silesia
856 2009 893 2056 so
915 1992 1089 2059 convertite
1118 2009 1226 2065 rorum

119 2095 216 2159 alirino
239 2116 277 2160 eo
301 2103 433 2180 accepto
465 2115 640 2179 responso,
669 2097 755 2178 quori
780 2098 976 2176 Gubcrniunr
999 2098 1031 2161 io
1061 2102 1226 2178 praesento

119 2218 199 2265 ausa
214 2201 409 2266 decisionem
427 2203 522 2267 eriere
538 2225 603 2288 non
617 2208 742 2287 possit,
763 2223 831 2267 rens
845 2223 920 2268 vero
938 2189 1048 2269 altiori
1060 2202 1134 2266 loco
1151 2220 1225 2284 pro·

118 2324 226 2371 novere
241 2307 346 2389 nolit,
369 2308 412 2370 ari
429 2308 626 2375 vicariatum
645 2311 833 2374 Generalem
846 2313 1011 2374 moestos
1033 2308 1224 2373 residentem

116 2406 213 2476 literas
240 2412 349 2498 dedit,
377 2414 512 2496 insignis
540 2416 602 2481 seli
629 2436 687 2499 pro
712 2417 828 2480 tucurla
843 2416 988 2481 doctriua
1004 2423 1037 2481 et
1054 2412 1225 2494 disciplina

117 2518 260 2582 catholiea
283 2525 403 2582 testes:
432 2522 602 2602 inquibus
627 2522 808 2588 Vicarietus
837 2524 1113 2605 interpositionem
1141 2515 1225 2600 apud

119 2621 267 2689 l'ironum
297 2627 487 2689 Caesareum
513 2629 670 2708 exoravit,
709 2636 745 2691 nt
771 2628 933 2691 decretum
966 2626 1006 2689 rle
1039 2625 1225 2708 prolibare

119 2738 194 2794 narr.
211 2733 320 2795 mixtis
336 2737 426 2813 patre
440 2733 669 2813 protestantico
685 2736 801 2814 genitis
818 2733 905 2795 iuxta
928 2752 1037 2796 sexum
1059 2736 1225 2813 parentum

123 2832 312 2918 irreligione
335 2836 526 2917 normandis,
551 2839 824 2918 matrimoniisque
848 2836 968 2900 talibus
981 2828 1226 2898 'mtuconsucto

124 2957 169 3019 per
195 2942 399 3005 Sacerdotem
429 2941 631 3007 catholicum
649 2942 891 3006 'benedicendis
930 2943 1073 3023 mitiget,
1115 2942 1225 3022 sicque

125 3042 236 3112 tiorum
258 3070 296 3113 ex
318 3049 468 3114 conflictu
489 3051 573 3112 inter
595 3049 675 3115 duas
695 3047 803 3131 leges,
825 3048 951 3114 civilem
974 3048 1090 3134 quippe
1112 3067 1149 3111 ac
1173 3067 1225 3108 ec·

126 3145 323 3219 clesiasticam
345 3156 473 3220 eximat.
496 3151 560 3230 626)
1180 3208 1183 3223 ,

207 3259 260 3325 Ari
275 3262 589 3345 repraesentationes
610 3224 669 3325 iras
691 3259 780 3326 Cleri
802 3214 913 3327 curati
941 3259 1062 3326 nullum
1092 3226 1229 3342 prorsus

126 3361 154 3422 lb
171 3365 376 3431 Oriinariatu
397 3365 643 3432 Vratislaviensi
664 3388 853 3455 responsum
875 3366 984 3431 datum
1012 3366 1115 3432 fuisse
1143 3364 1226 3447 iegi-

126 3481 196 3534 uuae
218 3472 392 3553 maluitque
412 3474 594 3555 Episcopus
617 3477 727 3536 Causea
749 3479 933 3553 Sedtnr'czirp
954 3471 1077 3549 muneri
1096 3490 1154 3532 suo
1173 3491 1224 3533 re

126 3580 277 3659 nunciare,
307 3599 401 3660 quam
431 3579 555 3660 praxim
582 3579 743 3643 mitiorcrn
774 3579 858 3643 circa
888 3584 980 3643 matr.
1012 3578 1108 3641 mixta
1137 3574 1231 3653 inre-b

125 3683 191 3745 tiam
211 3686 385 3766 corrigere.

122 3834 354 3870 Suu...-

176 3957 244 4026 oso)
262 3962 438 4024 sunmerso
453 3961 695 4023 nasamonas.
720 3959 872 4023 noanon.
889 3924 979 4013 iano.
998 3930 1023 4020 s.
1042 3950 1113 4010 roo.
1130 3959 1160 4020 p.
1218 3952 1222 3959 ·

176 4050 245 4117 626)
263 4055 354 4107 Mon.
372 4054 433 4106 2¹18.
451 4068 513 4122 pag.
532 4053 592 4105 898.
612 4080 646 4092 -
663 4055 727 4106 vid.
746 4059 856 4118 Attum.
876 4052 1117 4120 iietipiorrrrreurset.
1137 4046 1231 4104 1889?

143 4156 168 4197 n.
187 4140 256 4196 641.

546 4302 789 4319 Μ
