2798 4838
530 110 761 184 ...app-

76 256 107 330 i')
132 253 259 319 Statu·
282 252 418 319 civilem
442 261 572 341 optare,
602 254 784 319 Ecclesiam
806 273 881 333 vero
910 253 1080 340 admittere
1102 272 1211 341 porse,

76 363 170 424 utin
196 359 255 423 tali
286 382 364 424 casn
386 364 588 424 matrimonia
618 364 736 442 mixta,
771 360 849 425 licei
877 366 1004 444 practer
1032 363 1211 427 formama

77 469 115 531 G.
136 467 331 530 Tridentino
353 469 585 549 praescriptam
602 471 702 547 inita,
724 489 821 531 sensu
842 488 968 551 quoque
990 466 1210 535 ecclesiastico

76 571 188 635 salida
211 575 285 639 sint.
316 577 352 654 g)
375 576 410 637 ln
432 573 594 637 nonnullis
615 572 719 658 locis,
750 576 779 636 si
800 572 979 654 peculiares
1001 576 1210 637 circumstan-

76 680 146 741 tiae
175 678 210 741 id
234 681 377 760 exigant,
400 679 533 742 tolerari
555 700 672 760 posse,
704 686 740 740 ut
768 687 861 742 matr.
880 681 1005 759 mixtis,
1038 699 1117 758 quae
1140 682 1210 761 sino

14 832 24 859 .„
71 782 221 867 impletis
244 785 412 848 Ecclesiae
435 785 674 848 conditionibus
696 786 944 866 contrabuntur,
976 787 1133 868 parochus
1157 807 1209 851 ca·

72 890 221 953 tholicus
244 894 397 972 assistat,
429 891 488 953 sed
510 893 638 953 omissis
669 875 832 970 quibusvis
864 895 1013 970 precibus
1046 898 1078 953 ei
1099 890 1207 955 solen·

69 998 255 1076 nitatibus,
278 999 428 1078 equibus
450 995 598 1058 concludi
620 1004 752 1077 posset,
774 999 975 1062 matrimonia
997 996 1075 1060 talia
1097 1000 1136 1060 ab
1155 997 1210 1062 eo·

70 1102 152 1165 dem
174 1103 316 1182 probari.
353 1102 391 1175 h)
419 1104 563 1182 Denique
586 1103 820 1165 matrimonium
847 1105 932 1167 inter
953 1103 1145 1167 catholicum
1177 1112 1210 1168 et

69 1204 294 1271 acatholicum
318 1230 336 1273 a
354 1207 481 1271 vinculo
504 1209 623 1290 prioris
641 1209 783 1291 coniugii
799 1208 955 1289 solutam,
977 1211 1101 1272 vivente
1117 1218 1209 1294 parte

65 1312 201 1396 altera,
222 1321 255 1377 ct
278 1316 348 1377 vice
370 1335 460 1378 versa
482 1313 632 1385 absolute
653 1316 852 1395 prohibitum
876 1322 909 1378 et
928 1315 1053 1378 irritum
1076 1336 1157 1379 csse.

181 1424 254 1483 321.
283 1421 447 1500 Principia
470 1419 757 1484 Walteri'uberius
788 1420 905 1483 evolvit
935 1429 1048 1484 auctor
1078 1402 1224 1502 supple·⁴

68 1527 178 1588 menti
200 1524 241 1586 ad
263 1526 486 1589 institutiones
508 1527 597 1590 duris
619 1526 842 1591 Ecclesiastici
865 1525 944 1588 Glri
957 1525 1118 1588 ckianir
1140 1531 1209 1588 'Et-

66 1636 148 1709 ntpe
173 1602 386 1721 maeotides
404 1637 574 1711 pemtscbtc
597 1638 694 1698 Eben.
716 1636 853 1710 Arabonp
867 1651 943 1696 zum
959 1637 1209 1695 liis-elacarccbts

68 1739 217 1801 Gtrtrt'a.
239 1738 417 1816 Aspaburp.
434 1745 534 1801 1839.
551 1740 752 1818 paptiwff.
776 1746 808 1799 et
830 1740 1021 1817 praesertim
1042 1737 1076 1800 id
1099 1736 1213 1801 osten·¹

68 1843 153 1905 dere
177 1845 314 1924 satagit:
346 1845 471 1907 Statum
493 1843 627 1908 Civilem
649 1841 738 1905 nullo
769 1845 838 1906 iure
870 1844 913 1907 ad
935 1842 1208 1939 determinandam

67 1947 288 2048 religionem,
312 1971 406 2030 quam
428 1950 537 2030 proles
561 1952 709 2014 emistis
732 1952 900 2016 connubiis
923 1952 1048 2033 genitae
1071 1971 1207 2047 sequen-

68 2055 152 2118 dam
174 2055 335 2135 habeant,
358 2077 393 2119 se
416 2057 551 2119 miscere
575 2076 680 2138 posse

183 2165 255 2224 322.
289 2153 373 2224 iiber
395 2167 447 2225 die
468 2167 677 2240 Rebosdtanq
697 2171 755 2227 der
774 2168 967 2243 qemiacbten
984 2166 1076 2225 Ebcn
1097 2166 1134 2223 tn
1152 2163 1207 2239 fo-

68 2286 122 2329 ro
136 2272 358 2330 commentare.
381 2273 539 2332 Katbolttc.
558 2275 616 2332 74.
636 2274 675 2334 Β.
694 2276 795 2334 1839.
815 2292 847 2349 p.
870 2275 986 2332 1-19.
1008 2272 1207 2335 149-164

71 2378 277 2452 opportunas
299 2374 442 2435 continet
463 2375 628 2438 cautiones
652 2382 683 2438 et
700 2374 880 2457 pastorales
900 2372 1030 2455 regulas
1052 2395 1111 2453 pro
1133 2394 1208 2455 per·

69 2479 165 2542 sonis
188 2479 222 2540 in
244 2479 288 2540 S.'
303 2477 473 2541 Tribunali
496 2478 635 2575 qpaliter
657 2481 843 2543 tractandis.

182 2588 255 2646 323.
283 2587 348 2645 Eia
377 2589 640 2669 chtpcsprdcb,
670 2590 721 2648 die
746 2590 937 2664 pemiacbten
965 2587 1057 2646 utcu
1086 2584 1208 2660 betres-

68 2691 165 2766 fcnd.
196 2694 396 2767 utentum,
418 2690 615 2766 zeitschrift.
645 2696 856 2770 Repsnsburp.
880 2697 983 2755 1839.
1004 2710 1076 2767 pap.
1096 2696 1207 2758 967-

71 2802 160 2858 988.
184 2795 218 2856 Ιιι
239 2795 344 2856 forma
367 2793 523 2875 colloquii
544 2797 628 2858 inter
650 2797 734 2859 duos
764 2795 949 2861 sacerdotes
970 2794 1136 2879 praeclare
1151 2781 1207 2858 ¹ex-

68 2902 169 2984 ponit
192 2900 368 2963 doctrinam
392 2900 582 2977 catholicam
605 2902 645 2965 de
666 2905 775 2965 mixtis
796 2903 1018 2966 matrimoniis.

114 3028 118 3033 ·
181 3010 254 3068 324.
284 3007 303 3066 J
314 3027 399 3068 oan.
429 3008 553 3070 Mart.
586 3009 694 3092 brix,
727 3013 887 3088 principie
926 3015 1082 3073 catholica
1122 3013 1209 3071 cirea

72 3116 331 3176 christianorum
352 3116 573 3198 matrimonia,
602 3119 795 3194 praeprimis
824 3135 879 3194 ea,
910 3135 994 3194 qtsae
1024 3121 1128 3178 adsta
1148 3135 1209 3177 oo·
1249 3132 1251 3137 ⁴

71 3227 216 3294 cantur,
247 3221 345 3282 tuate
366 3225 555 3297 optimorum
577 3231 747 3284 auctorum
775 3223 870 3296 fidem
900 3228 1060 3285 succincte
1087 3241 1207 3300 propo-

72 3330 150 3387 sita.
184 3326 392 3402 Wr’rcedurys‘.
409 3331 510 3387 1839.
535 3333 627 3388 matr.
650 3328 747 3389 mixta
771 3324 852 3388 dicit
882 3346 953 3389 csse
982 3329 1048 3389 veri
1063 3328 1207 3391 nominis

74 3422 277 3493 sacramenta
307 3435 454 3511 respectu
484 3432 649 3511 utriusque
677 3433 782 3523 partis
820 3431 1010 3513 coniugum,
1051 3455 1146 3513 quum
1176 3442 1208 3495 et

73 3520 241 3599 haeretica
263 3556 338 3615 pars
360 3536 477 3598 habeat
506 3538 713 3599 intentionem
742 3538 829 3599 iuxta
852 3539 1087 3601 institutionem
1111 3540 1208 3611 ctut-

74 3642 120 3704 sti
142 3622 380 3704 matrimonium
402 3641 549 3722 ineundi,
579 3642 752 3707 secundum
773 3644 856 3707 hanc
886 3663 962 3706 sero
985 3645 1068 3706 ratio
1098 3666 1205 3711 sacra·

75 3748 178 3811 menti
199 3748 240 3808 ab
261 3745 322 3837 illa
340 3755 522 3812 contractus
546 3750 689 3834 separari
709 3757 855 3832 nequeat.
998 3808 1001 3815 ,

182 3857 255 3915 325.
284 3857 586 3934 Ermabnunparede
612 3863 691 3919 siber
719 3864 781 3918 dea
802 3857 1007 3919 ebriatitcben
1028 3859 1201 3945 Ebcataad,

75 3964 248 4025 detondere
269 3964 304 4021 ιἰι
324 3964 474 4023 Hinstcbt
490 3966 678 4040 peartacbter
698 3967 799 4043 qun.
828 3966 911 4023 Eine
939 3966 1121 4043 Betcbruap
1147 3967 1204 4047 lits

75 4071 136 4128 das
163 4065 299 4141 Γνιιιιιιιιι
328 4071 414 4132 Votis.
454 4073 663 4149 Repensdurp.
690 4073 789 4131 1839.
822 4065 976 4150 populum
1005 4067 1134 4133 fidelem
1162 4074 1202 4134 ab
1265 4118 1267 4122 ι
