2798 4838
580 532 629 648 a.¹
647 535 732 606 roo.

113 693 299 762 Regimen
329 691 628 766 Borussicuns,
660 695 775 755 edito
812 691 1012 753 officioso
1034 649 1219 767 seispso,
1320 671 1321 675 ¹

113 785 241 844 multis
260 784 524 844 documentis
542 785 773 861 insmucto,
791 800 916 847 susm
942 786 1096 856 suendi
1113 787 1218 847 ratt-

364 891 490 937 oncm
507 877 741 938 iustfflcsrc
759 881 952 940 eunoun.

195 1039 351 1118 Regimen
382 1040 607 1118 Borussicum,
630 1046 666 1101 ut
697 1058 787 1103 suam
808 1041 843 1104 in
876 1039 1130 1124 Arcbiepiscopo
1153 1039 1218 1102 Go·
1292 1021 1296 1032 ¹

113 1141 232 1206 {oniensi
255 1164 314 1207 usu
336 1143 569 1208 iurisdictionis
592 1146 777 1228 prohibito,
799 1152 832 1210 et
852 1144 983 1228 longius
1006 1165 1045 1209 er
1067 1146 1220 1222 Dioecest

113 1249 232 1312 abducto
255 1248 486 1332 proceduram,
509 1271 602 1330 quam
625 1253 657 1314 in
679 1252 828 1316 universo
852 1253 929 1316 orbe
952 1248 1121 1317 catholico
1153 1272 1220 1317 ma·

113 1373 187 1432 gnam
208 1358 416 1419 attentionem
438 1358 644 1420 excitaturum
667 1360 749 1420 bene
769 1360 955 1440 perspexit,
977 1359 1095 1422 iustam
1118 1379 1155 1422 ac
1171 1355 1219 1422 le·
1256 1367 1259 1375 “

113 1459 235 1538 gitimam
257 1462 360 1525 fuisse
381 1462 608 1543 persuaderet:
630 1463 684 1525 dd.
717 1467 769 1527 25.
791 1464 980 1528 Novembris
1006 1467 1097 1527 1837.
1120 1483 1220 1546 opus,

113 1584 211 1648 nanu,
233 1575 271 1630 ut
289 1570 411 1649 passim
443 1575 608 1654 censetur,
629 1570 732 1650 ipsius
763 1573 936 1651 consents,
966 1569 1060 1652 Regii
1090 1567 1132 1632 ad
1153 1568 1241 1633 Au:

113 1666 161 1734 lan
182 1675 357 1737 Romanam
378 1675 544 1756 Ministri‚
566 1677 806 1761 concinnatum,
828 1676 861 1738 in
884 1671 988 1738 iucem
1011 1675 1114 1739 emitti
1142 1674 1220 1737 iecit

114 1779 158 1840 urb
180 1777 295 1841 titulo:
317 1785 500 1860 Durteprmq
521 1789 577 1844 dea
600 1783 795 1858 Vcrfubrcua
816 1789 875 1845 der
896 1784 1121 1844 precariarum
1153 1785 1220 1844 Rc·

113 1887 228 1963 uterum
247 1905 344 1964 pcqeu
374 1893 436 1949 den
463 1889 663 1964 Erzbiacbos
684 1906 747 1950 coc
775 1892 869 1952 Korn.
895 1891 974 1951 Vom
994 1893 1049 1952 25.
1072 1891 1220 1950 Nocenu.

114 1993 196 2052 18³7.
220 1996 340 2053 Berlin.
364 1991 398 2053 in
422 2012 519 2074 opore
541 1994 605 2056 isto
630 2014 699 2056 eam
721 1998 810 2057 tenet
832 1993 987 2076 Regimen
1015 1990 1223 2062 Borusslcum

114 2113 260 2180 normam,
283 2107 318 2159 ut
339 2101 442 2179 primo
466 2096 576 2161 multis
599 2101 793 2180 argumentis
817 2098 959 2164 celebret
974 2097 1156 2183 peculiares
1173 2097 1222 2162 ia-

114 2218 189 2266 rores
211 2202 377 2284 Religioni
401 2225 438 2266 ac
460 2203 627 2268 Ecclesiae
650 2205 838 2269 Catholicae
862 2212 1012 2290 exparte
1038 2204 1222 2287 'Regiminis

113 2313 296 2385 praetensive
320 2309 497 2388 exhibitum
520 2317 587 2375 tum
610 2312 713 2375 divisa
734 2313 767 2375 in
789 2312 899 2394 plures
921 2312 1076 2396 temporis
1100 2311 1221 2374 sectio·

113 2429 156 2476 nes
183 2416 322 2477 historia
362 2417 531 2480 mixtorum
566 2421 838 2483 matrimoniorum
871 2417 1042 2482 ostendere
1077 2415 1224 2499 studeat,

114 2519 235 2595 qualiter
258 2523 413 2602 Regimen
435 2525 641 2586 Borussicum
662 2525 697 2588 in
719 2525 861 2588 ferendis
883 2524 1011 2606 legibus
1033 2516 1118 2587 circa
1146 2542 1223 2586 con·
1320 2528 1323 2537 ”

114 2621 183 2704 iugia
205 2630 303 2690 mixta
325 2630 452 2690 nonnisi
474 2629 640 2711 principiis
670 2629 710 2692 de
736 2630 932 2712 aequalitate
960 2629 1105 2713 perfecta
1139 2628 1224 2690 inter

115 2729 326 2796 Confessioues
356 2724 558 2796 christianas
589 2737 765 2798 recentiore
801 2754 878 2798 aevo
910 2732 1089 2812 stabilitis,
1120 2754 1158 2796 ac
1190 2733 1224 2795 in

115 2831 172 2900 aliis
194 2841 289 2902 ctiam
310 2840 431 2920 Regnis
455 2839 595 2902 dominio
619 2842 806 2923 Principum
838 2838 1079 2902 Catholicorum
1113 2838 1224 2901 subie-

115 2942 161 3004 ctis
181 2947 215 3008 in
237 2965 329 3007 usum
352 2945 499 3008 deductis
520 2947 662 3008 innixum
692 2946 809 3025 fuerit,
841 2952 937 3026 atque
960 2945 1151 3026 cumprimis
1183 2942 1224 3006 ad

115 3053 220 3124 praxim
242 3052 404 3114 mitiorem
427 3073 496 3115 cum
519 3051 598 3115 alibi
621 3060 687 3115 tum
709 3055 743 3116 in
759 3054 913 3116 Borussia
928 3054 961 3114 in
980 3050 1100 3133 gremio
1120 3050 1225 3132 ipsius

116 3149 266 3220 Ecclesiae
289 3155 474 3220 Catholicae
497 3162 536 3221 ab
559 3161 690 3240 antiquo
712 3161 914 3243 praetensive
944 3161 1143 3222 observatam
1173 3177 1226 3220 re·

116 3266 255 3339 spexerit3
278 3263 406 3325 demum
429 3265 623 3346 persuadere
645 3273 799 3346 conetur,
822 3263 1038 3328 inevitabilem
1059 3263 1224 3327 (iuberuio

116 3359 201 3448 Regio
223 3371 447 3432 necessitatem
474 3373 659 3454 impositam
690 3374 813 3452 fuisse,
844 3372 1132 3451 Arcbiepiscopum
1161 3370 1224 3439 Go-

116 3460 294 3554 luniensem,
325 3481 436 3537 contra
471 3476 724 3542 fundamentales
757 3479 862 3559 Regni
892 3475 983 3558 leges
1013 3473 1106 3558 plura
1138 3495 1225 3536 com·

118 3575 299 3659 mittentem,
323 3601 381 3642 usu
404 3582 638 3647 iurisdictionis
660 3583 893 3663 interdicendi,
916 3589 951 3644 ut
972 3583 1020 3645 sic
1052 3581 1225 3662 conspicuo

118 3674 254 3749 doceatur
277 3686 442 3769 exemplo,
467 3697 664 3771 quantopere
685 3692 816 3752 intersit
836 3688 1042 3769 Principum,
1074 3687 1145 3748 iura
1167 3705 1224 3748 sua

117 3791 295 3857 uuestauca
319 3794 403 3856 circa
426 3815 515 3859 sacra
537 3794 689 3859 adversus
711 3797 837 3859 renisus
860 3791 1027 3858 Ecclesiae
1061 3793 1224 3855 ministro-

116 3906 174 3960 rum
193 3902 298 3980 tueri,
321 3906 353 3962 et
374 3899 624 3966 inobedientiam
648 3923 723 3985 erga
744 3901 834 3984 leges
857 3898 967 3963 civiles
990 3904 1139 3962 testatam
1157 3900 1224 3962 vin·

118 3990 221 4070 dicare.
244 4006 310 4069 Nec
333 4006 491 4070 dubitavit
512 4011 668 4091 Regimen
689 4010 919 4092 Berussicum,
940 4005 1056 4070 librum
1077 4006 1160 4068 bunc
1176 4003 1225 4066 oi·

117 4097 266 4191 lleiosum,
289 4133 377 4192 rem,
400 4112 440 4178 de
463 4136 524 4196 qua
547 4119 720 4196 agebatur,
743 4114 857 4198 plene,
879 4135 938 4194 ac,
971 4119 1006 4175 ut
1036 4111 1224 4195 praetende-

116 4200 213 4300 batur,
235 4219 373 4299 genuine
396 4203 603 4301 exponentem
626 4244 697 4286 curn
715 4223 921 4303 Principibus
950 4220 1147 4303 Europaeis,
1168 4235 1224 4297 pe-

115 4325 163 4383 nes
183 4346 263 4406 quos
287 4331 336 4388 est
357 4325 553 4407 reipublicae
575 4347 713 4410 summa,
736 4329 978 4393 communicare
