2798 4838
357 194 358 198 Ὺ
579 247 808 317 -mo-

547 562 550 566 ³
615 477 653 571 a.
680 479 765 552 uo.

128 615 326 689 Episcopi
341 621 491 674 contro
510 619 706 689 projecta
725 615 1002 675 comitiorum
1019 617 1109 671 tom
1123 613 1259 672 Comi·
1293 583 1295 586 .

129 711 224 780 tim,
236 723 367 780 quom
381 708 489 777 lteri
505 713 858 781 repraesentant,
873 706 1174 780 principiaque
1182 706 1255 764 lic·

286 799 441 859 elesino
468 801 710 859 Cothollose
729 801 897 870 egregie
914 804 1103 858 tuentur.
1140 844 1144 855 .

215 962 386 1044 'Quamvis
411 960 474 1022 iam
494 962 527 1022 in
543 962 693 1024 Comitiis
715 970 900 1040 praesentes
925 983 962 1024 ex
983 963 1074 1024 Statu
1096 957 1257 1024 Ecclesia-

135 1071 216 1131 stico
239 1086 371 1148 maguae
395 1066 586 1129 eruditionis
609 1070 670 1129 viri
692 1067 736 1129 nil
761 1069 1009 1147 intermiserint,
1025 1065 1112 1146 quod
1143 1065 1186 1128 ad
1207 1065 1258 1126 de·

133 1175 199 1238 bite
231 1172 451 1237 sustinendam
482 1171 648 1235 Ecclesiae
673 1174 884 1254 Catholicae,
915 1183 949 1235 et
978 1175 1144 1252 signanter
1176 1169 1258 1255 Cleri

115 1276 296 1368 ‘Bavarlci,
325 1280 410 1342 circa
444 1279 592 1359 coniugia
624 1280 721 1341 mixta
753 1279 977 1358 disciplinam,
1008 1277 1083 1340 dein
1112 1276 1155 1339 ad
1178 1295 1259 1338 amo·

135 1383 275 1446 liendam
304 1382 442 1447 aClero
464 1382 600 1445 violatae
634 1386 736 1464 Regni
768 1387 1016 1452 constitutionis
1048 1384 1261 1465 suspicionem

26 1504 47 1554 ᾔ
136 1510 173 1552 ac
196 1489 351 1551 maculam
373 1491 588 1551 necessarium
611 1490 797 1553 videbatur:
830 1490 1052 1556 Ordinariatus
1076 1496 1183 1554 tamen
1205 1489 1261 1553 Ba·

76 1656 80 1660 ,
137 1597 243 1658 variae
272 1594 371 1658 simul
399 1601 495 1675 atque
527 1594 567 1656 de
590 1597 746 1658 sententia
771 1598 923 1659 Camenae
948 1599 1200 1676 Deputatorum‚
1229 1613 1262 1655 ac

137 1699 219 1783 legis
242 1703 388 1786 projecto
410 1700 578 1762 informati
601 1708 694 1782 sunt,
718 1723 777 1784 ope
800 1701 1008 1783 singularium
1032 1704 1269 1781 Repraesentaf

107 1853 109 1861 ι
138 1810 261 1872 tionum
292 1815 356 1870 tam
387 1807 428 1869 ad
453 1808 618 1870 Camenam
648 1809 843 1888 superiorem
876 1829 970 1890 quam
998 1806 1040 1869 ad
1072 1809 1176 1888 ipsam
1205 1807 1263 1867 Re·

139 1916 225 1995 giam
256 1914 459 1976 Maiestatem
498 1913 702 1975 dimissarum
736 1917 894 1995 principia
935 1911 1093 1976 catholica
1133 1912 1264 1993 genuino

141 2039 317 2100 exponere,
341 2017 429 2080 Cleri
453 2018 569 2098 agendi
590 2021 745 2080 rationem
768 2019 908 2081 masculo
933 2019 1127 2101 defendere,
1160 2016 1264 2079 adver-

142 2146 197 2188 sus
220 2133 430 2187 memoratum
460 2123 543 2206 legis
566 2127 745 2207 projectum
777 2127 923 2207 energice
945 2123 1170 2203 intercedere,
1201 2128 1266 2184 eta

122 2223 231 2312 ¹Rege
256 2230 289 2292 ld
313 2229 476 2313 postulare
500 2238 714 2313 opportunum
737 2230 910 2308 duxerunt,
938 2251 977 2292 ne
1005 2231 1186 2311 projectum
1209 2229 1266 2290 Co-

143 2338 307 2398 mitiorum
331 2357 389 2398 soa
411 2335 576 2399 sanctione
598 2338 746 2398 muniret.
778 2337 813 2398 ln
836 2337 1200 2418 ltepraesentationibus
1222 2333 1268 2415 bis

145 2443 400 2524 Episcoporum,
432 2442 587 2521 equibus
611 2441 690 2504 duas
721 2449 844 2504 tantum
866 2444 1015 2503 nimirum
1037 2442 1270 2519 Aradiepiacopa‘

143 2552 517 2624 Menace-Friainpenaa'a
556 2547 608 2609 dd.
637 2553 666 2610 3.
683 2549 754 2610 Jun.
784 2544 942 2620 lasum)
975 2555 1007 2608 ei
1037 2547 1272 2624 Arcbiepiacopr'

146 2658 389 2733 Bomberpensia
419 2654 473 2715 dd.
492 2655 522 2716 1.
540 2656 620 2734 Airg.
642 2649 801 2725 1831.²*¹')
833 2657 918 2715 inter
949 2658 1158 2718 adluctamenta
1190 2671 1273 2712 com·

147 2761 362 2839 muniemus,
395 2762 561 2841 esquienila
588 2779 647 2840 pro
671 2760 857 2821 defensione
882 2757 969 2819 Cleri
990 2759 1138 2820 Bavaricl
1167 2756 1273 2836 prole-

147 2872 281 2927 runtur:
314 2865 475 2927 catholico
505 2886 568 2927 non
593 2866 865 2949 coniungam,
893 2865 926 2925 in
949 2865 1174 2926 educationem
1204 2882 1277 2941 pro-

34 3012 38 3020 ·
148 2970 227 3034 lium
250 2957 379 3033 suarum
401 2975 434 3033 in
458 2968 542 3052 alia,
567 2992 660 3051 quam
684 2969 851 3039 Catlrolica
874 2969 1056 3051 Religione‚
1080 2970 1277 3042 consentire;

148 3096 242 3140 unam
274 3083 397 3139 tantum
428 3098 499 3139 esse
528 3097 634 3144 veram
671 3097 689 3137 a
721 3077 851 3138 Christo
888 3075 1059 3152 revelatam
1088 3074 1280 3150 doctrinam,

151 3185 313 3245 unam‘ab
336 3183 410 3262 lpso
434 3183 613 3250 institutam
636 3182 815 3245 Ecclesiam
839 3181 1059 3257 Catholicam3
1094 3179 1205 3262 proles
1237 3177 1281 3241 al·

98 3307 102 3319 ·
153 3290 215 3350 teri
238 3288 438 3349 confessioni
467 3287 620 3366 deputare
652 3288 737 3349 idem
760 3288 830 3350 fore
860 3308 896 3349 ac
919 3287 1016 3348 fidem
1038 3306 1178 3367 negare,
1207 3303 1282 3366 pro·

153 3392 267 3475 lesqne
298 3393 338 3455 ad
361 3395 555 3474 apostasiam
587 3414 702 3461 evera
731 3394 796 3455 fide
828 3393 1014 3469 traducere3
1045 3393 1082 3453 id
1104 3411 1176 3454 cum
1199 3410 1283 3454 sum-

154 3521 239 3563 mum
261 3505 426 3582 peccatum
449 3502 510 3579 sit,
532 3519 666 3580 peccare
690 3520 814 3587 quoquc
833 3502 1058 3580 Presbyterum
1081 3518 1139 3579 per
1153 3499 1283 3560 activam

157 3629 246 3670 ruam
270 3606 483 3667 assistentiam
501 3608 588 3667 actui
605 3608 776 3687 coniugum
798 3608 1021 3689 peccaminoso
1041 3610 1283 3685 cooperantem

157 3715 251 3794 proin
283 3716 352 3773 iure
385 3715 507 3791 optimo
537 3712 704 3793 prohiberi
734 3714 935 3792 Presbyteris
967 3697 1142 3792 quemlibet
1171 3718 1284 3782 actum,

160 3837 256 3898 cqrro
279 3820 465 3896 cooperatio
486 3816 574 3878 illius
592 3817 634 3877 ad
648 3826 815 3897 peccatum
835 3819 1021 3882 nubentium
1046 3814 1196 3878 concludi
1212 3834 1285 3896 pos-

159 3934 228 4000 set3
258 3930 349 3991 actus
374 3922 530 3984 eiusmodi
554 3943 623 3985 esse
647 3910 932 4006 proclamationem
962 3928 994 3984 et
1015 3922 1285 3993 benedictionem

158 4037 324 4110 utramque
347 4048 420 4090 esse
442 4048 509 4090 rem
531 4028 736 4122 religiosam,
759 4032 798 4094 ab
823 4028 1042 4094 ecclesiastica
1059 4028 1285 4092 iurisdictione

160 4173 410 4196 μ’..-

230 4239 296 4303 tte)
315 4243 402 4295 lion.
423 4241 481 4292 163.
501 4258 561 4308 pag.
581 4244 642 4295 200.

232 4331 298 4397 ω)
317 4335 408 4387 ltlon.
427 4333 487 4386 164.
506 4350 569 4403 pag.
589 4335 650 4391 205.
