2798 4838
563 240 716 313 -252
745 281 795 294 -

117 406 189 452 rum
211 407 271 472 per
291 407 432 452 normam
462 390 495 450 in
517 386 623 450 literis
646 384 855 454 circularibus
885 385 927 449 ad
948 387 1109 469 parochos
1133 386 1245 448 dimis-

117 493 164 557 sis
190 494 291 567 (infra
314 516 371 577 por
391 516 450 558 nos
473 492 694 567 recensendis>
726 495 956 575 praescriptam
985 493 1066 574 ipsis
1097 493 1247 576 parochis

119 598 322 663 mactandum
345 602 572 678 commissum,
593 619 653 661 nee
674 598 811 679 amplius
834 620 916 680 opus
940 620 1029 679 esse,
1060 599 1160 662 uide
1184 599 1246 662 sin-

118 704 197 788 gulo
221 726 298 770 casu
319 708 453 788 parochi
473 705 515 768 ad
537 706 775 771 Ordinariatum
796 707 947 768 referant.
976 706 1059 769 Tum
1082 705 1247 786 sequentia

11 862 17 872 .
73 845 81 871 t
117 832 177 892 pro
201 793 389 878 decidendis
413 812 517 875 dubiis
549 819 582 873 et
604 812 867 891 'qrraestionibus,
897 833 975 893 quas
1003 811 1137 893 parochi
1160 812 1247 891 posi-

117 917 185 980 turi
207 926 334 999 essent,
367 919 526 1001 principia
555 922 587 979 et
607 918 796 980 iuviaiioner
818 924 1058 999 proponuntur:
1091 920 1125 991 a)
1152 916 1247 978 disei-

117 1021 240 1107 plinam
262 1023 428 1087 Ecclesiae
460 1026 545 1086 circa
567 1030 659 1086 matr.
682 1024 779 1086 mixta
810 1043 869 1104 per
890 1025 990 1086 Breve
1017 1023 1068 1085 Pii
1085 1022 1173 1117 ἮΠ.
1198 1042 1246 1084 us-

122 1151 184 1213 que
207 1129 288 1193 adeo
311 1132 489 1212 mitigatam
513 1149 602 1209 esse,
625 1136 661 1191 ut
682 1127 812 1191 decreto
835 1130 938 1210 Regio
962 1130 1001 1192 de
1025 1151 1053 1192 a.
1073 1134 1169 1192 1825.
1200 1149 1246 1192 sa-

17 1236 20 1243 ’
120 1236 240 1299 tioderi
268 1237 393 1320 possit,
422 1236 658 1316 curandumque
687 1255 778 1315 esse,
817 1255 857 1297 ne
889 1234 1039 1317 religioni
1070 1234 1245 1324 catholicae

118 1341 238 1405 invidia
261 1351 403 1420 creetur;
425 1344 462 1416 b)
484 1342 633 1422 parochis
655 1343 815 1422 integrum
839 1361 909 1404 esse
932 1345 1038 1404 omnia
1060 1340 1119 1404 illa
1143 1342 1245 1405 iacere

120 1455 152 1511 et
173 1447 334 1528 tolerare,
365 1468 445 1530 quae
467 1450 499 1510 in
521 1449 616 1511 Brevi
639 1462 789 1532 expresse
809 1449 907 1509 vetita
929 1469 990 1510 non
1014 1455 1108 1529 sarni,
1140 1450 1244 1530 singu·
1278 1507 1281 1513 .

118 1552 214 1636 laque
235 1545 532 1636 huiuspraecepta·
545 1575 641 1616 sensu
663 1555 793 1615 mitiore
822 1555 905 1616 sumi
929 1553 1066 1630 debere3
1098 1561 1133 1628 e)
1157 1573 1243 1637 paro·

119 1659 252 1723 chianos
281 1661 314 1722 in
343 1662 478 1722 caritate
509 1659 736 1738 instruendos,
775 1679 874 1739 eoque
910 1654 1140 1741 perducendos
1169 1679 1244 1737 esse,

118 1772 154 1828 ut
184 1766 281 1830 etiam
310 1768 344 1829 in
379 1766 488 1828 mixtis
525 1768 649 1846 nuptiis
681 1765 775 1827 Fidei
807 1765 993 1828 Catholicae
1033 1765 1242 1838 adhaereant;

120 1869 158 1937 d)
181 1873 222 1935 ah
252 1871 406 1953 exigenda
435 1874 606 1951 sponsione
637 1871 676 1932 de
700 1871 856 1935 catholica
888 1863 1029 1951 prolium
1060 1870 1242 1934 educatione

121 1977 343 2040 abstinendum
367 1997 455 2054 esse;
489 1973 521 2050 e)
546 1998 639 2040 casus
661 1977 863 2040 assistentiae
886 1978 1031 2057 passivae
1059 1977 1240 2039 imminuen-

122 2082 183 2146 dos
206 2103 298 2162 esse,
330 2105 401 2146 cum
431 2104 467 2146 ea
496 2086 590 2146 nimis
623 2084 736 2146 odiosa
767 2085 810 2146 sit
842 2090 873 2145 et
902 2090 1023 2165 partem
1056 2081 1239 2145 catholicam

119 2189 223 2271 inagis
253 2189 356 2252 adhuc
386 2192 425 2251 ab
448 2188 594 2276 Ecclesia
624 2190 805 2252 abalienare
836 2196 947 2270 queat3
977 2191 1140 2270 passivam
1170 2188 1238 2251 assi-

122 2297 272 2359 stentiam
294 2294 335 2358 ad
358 2297 486 2364 unicum
514 2282 608 2357 illum
638 2315 745 2357 casum
777 2295 1031 2376 restringendam
1054 2315 1147 2374 esse,
1177 2294 1237 2356 dum

121 2420 197 2484 pars
219 2400 380 2464 catholiea
411 2422 519 2464 omnes
542 2400 661 2464 liberos
691 2402 724 2462 in
747 2403 947 2463 confessione
970 2400 1152 2464 acatholica
1175 2399 1237 2462 edu-

123 2514 227 2570 catum
250 2508 292 2570 iri
314 2509 440 2588 praevie
465 2509 544 2582 scit,
569 2514 600 2567 et
621 2509 654 2567 in
677 2506 904 2568 contrahendis
926 2509 1047 2590 nuptiis
1070 2508 1181 2569 mixtis
1201 2512 1237 2566 te·

122 2615 302 2676 meritatem
322 2611 590 2690 inexcusabilem,
622 2621 654 2672 et
683 2612 759 2674 fidei
783 2619 974 2674 contemtum
997 2613 1124 2695 prodit;
1158 2629 1237 2674 secur

80 2769 82 2772 ι
122 2740 208 2801 vero,
231 2718 306 2780 dum
327 2720 477 2780 nimirum
500 2717 580 2779 tales
603 2725 796 2779 concurrunt
819 2720 1088 2798 circumstantiae,
1112 2721 1155 2780 ob
1175 2735 1238 2798 quas

120 2810 154 2886 in
177 2823 250 2887 aliis
275 2845 399 2905 quoque
428 2825 602 2906 prohibitis
634 2825 753 2904 nuptiis
786 2825 895 2886 mitior
925 2823 1041 2905 agendi
1067 2825 1153 2886 ratio
1185 2842 1240 2886 ser-

122 2932 189 2992 vari
214 2937 246 2992 et
267 2930 466 3010 dispensatio
499 2929 568 2990 dari
599 2927 703 3005 solet,
733 2950 760 2992 v.
785 2951 815 3010 g.
849 2930 923 2992 dum
964 2949 1082 3011 sponsa
1112 2932 1241 3012 imprae-

123 3042 237 3116 gnata,
260 3041 314 3096 arvt
335 3041 438 3097 aetate
460 3033 668 3116 superadulta
684 3041 752 3115 est,
775 3038 976 3098 assistentiae
1000 3035 1242 3117 activae'loeuu

123 3140 262 3203 dandum
285 3160 376 3213 esse;
398 3140 428 3213 l)
452 3139 557 3202 locum
580 3141 790 3220 praestandae
813 3144 1018 3205 assistentiae
1036 3143 1187 3221 passivae
1203 3138 1243 3202 vel

124 3245 233 3310 aedes,
249 3246 381 3326 parochi
411 3245 468 3307 vel'
495 3249 675 3310 sacristiam
705 3250 877 3329 praebere3
909 3251 945 3329 g)
968 3249 1192 3311 testimonium
1214 3246 1243 3308 de

124 3353 264 3433 peractis
286 3350 611 3440 proclamationibus,
643 3356 719 3415 item
742 3360 925 3417 attestatum
948 3355 988 3415 de
1011 3361 1098 3416 statu
1118 3353 1244 3417 liberta-

123 3459 228 3523 tisab
252 3456 319 3519 ullo
343 3461 495 3520 canonico
524 3459 751 3538 impedimento
782 3461 924 3542 partibus
948 3460 1181 3522 extradandum
1203 3477 1243 3520 ve·

124 3567 212 3640 nire3
244 3565 289 3636 h)
309 3565 345 3626 in
364 3586 456 3628 sacro
479 3563 632 3627 tribunali
663 3587 733 3627 cum
755 3574 847 3647 parte
879 3564 1039 3628 catholica
1070 3587 1200 3649 semper
1219 3567 1242 3625 io

31 3673 36 3684 '
124 3673 278 3753 patientia
308 3677 341 3758 et
361 3672 494 3734 caritate
517 3672 642 3732 Christi
672 3672 845 3752 agendnm3
875 3675 903 3744 i)
925 3672 1093 3753 puerperis
1116 3671 1242 3753 denique

126 3775 295 3840 catholicis
326 3777 583 3839 benedictionem
615 3786 690 3857 post
720 3786 844 3860 partum
877 3797 1046 3859 numquam
1077 3777 1239 3860 negandam

128 3878 284 3955 matos)

127 4032 374 4052 W

196 4112 265 4181 488)
283 4118 372 4186 bion.
392 4116 452 4168 189.
471 4132 533 4183 pag.
552 4117 614 4168 256.
