2798 4838
480 276 483 282 .
592 253 768 323 ,8-

130 395 335 458 matrimoniis
365 394 469 457 mixtis
500 397 703 457 constituerit
725 395 913 458 'l'ridentina
934 395 1099 478 Synodus:
1132 393 1248 477 deere-

129 509 196 562 tum
211 507 321 562 -tamcn
345 501 431 562 cirea
450 501 650 591 matrimonia
676 499 869 566 clandestina
882 503 923 564 'in
945 521 1013 563 eum
1031 521 1157 564 sensum
1171 520 1250 582 per-

96 638 99 643 ·
129 605 249 685 latum,
271 612 357 685 qnod
375 610 577 667 matrimonio
599 612 708 683 aliter,
740 627 834 688 quaem
853 617 1018 687 praesente
1036 612 1177 686 porceto
1198 609 1253 667 oei

131 717 194 774 otio
215 718 376 773 sacerdote
396 717 435 772 de
455 715 557 789 epotos
576 719 708 789 pareclo·
728 720 779 776 cet
794 717 957 775 ordinarii
973 717 1098 774 licentio
1115 721 1148 773 et
1161 719 1250 773 deo·

131 823 192 878 ires
212 822 264 878 oet
281 821 384 878 tritta
404 821 536 878 testibus
554 827 718 881 contrecto
738 825 833 880 irrito
849 829 880 879 et
893 822 981 878 arcuo
997 822 1077 895 atat,
1100 835 1250 896 magnum

80 991 82 995 .
132 922 281 1002 deinceps
312 922 345 982 in
375 923 590 1001 quaestionem
618 922 658 984 de
690 924 899 986 matrimoniis
929 923 1055 999 mixtis,
1085 924 1252 1002 signanter

133 1026 173 1088 de
194 1032 303 1088 ociore
324 1025 527 1106 eorumdem,
556 1028 669 1120 habuit
698 1031 859 1092 initurum.
897 1029 975 1088 (ium
999 1027 1081 1088 enim
1102 1026 1251 1105 quaestio

133 1131 174 1194 de
195 1128 360 1193 validitate
381 1133 652 1196 matrimoniorum
683 1137 853 1210 mixtorum
874 1133 1007 1194 antehac
1029 1130 1130 1194 solum
1153 1150 1252 1212 gene·

132 1233 243 1299 ralit‘er
270 1237 347 1317 poni
378 1242 411 1298 et
438 1237 542 1299 decidi
573 1238 709 1318 soleret,
741 1247 815 1321 post
845 1238 1004 1300 eonditum
1028 1237 1191 1299 decretum
1215 1239 1251 1300 (i.

135 1340 318 1403 Tridentini
337 1342 401 1403 ianr
425 1347 458 1402 et
481 1340 519 1402 de
542 1363 579 1404 eo
602 1347 827 1423 quaerebatur=
858 1366 897 1406 an
928 1343 1088 1406 decretum
1111 1342 1252 1405 Concilii

132 1447 167 1508 in
190 1447 252 1528 hoc
274 1443 324 1508 vel
345 1443 403 1508 illo
426 1448 537 1527 Regno
560 1448 754 1527 publicatum
777 1458 1001 1531 receptumque
1024 1450 1082 1526 sit,
1115 1469 1152 1510 ac
1174 1469 1252 1526 nro·

134 1552 208 1614 inde
239 1572 278 1613 en
308 1572 366 1630 nro
398 1554 545 1629 casibus,
577 1556 690 1633 quibus
721 1564 776 1619 aut
804 1557 972 1635 coniugum
1002 1554 1253 1616 Protestantium

136 1635 217 1718 alte'r
239 1656 280 1717 ad
301 1656 412 1719 Fidem
436 1658 635 1722 Catholicam
659 1663 869 1740 convertitur,
897 1666 950 1722 aut
973 1657 1160 1720 catholicus
1184 1678 1254 1718 cnm

135 1762 338 1849 l'rotestante
368 1782 386 1823 a
417 1762 543 1824 vinculo
574 1767 766 1828 matrimonii
796 1786 853 1848 per
880 1767 998 1826 Forum
1023 1761 1124 1825 Civile
1147 1764 1255 1825 soluto

137 1868 318 1947 coniugium
337 1867 420 1929 inire
442 1869 550 1950 eupit,
574 1872 669 1933 etiam
691 1892 765 1949 pers
784 1871 1013 1932 Protestantica
1032 1868 1161 1930 decreto
1179 1869 1257 1930 Tri-

138 1972 268 2033 dentino
292 1972 598 2054 comprehendatur,
619 1977 805 2056 praesertim
828 1975 855 2036 si
878 1976 909 2036 in
931 1977 1062 2054 regione
1085 1974 1202 2055 degat,
1225 1974 1258 2034 ln

138 2096 200 2157 qua
221 2074 305 2138 illud
326 2075 520 2157 publicatum
541 2079 623 2155 iuit3
645 2082 758 2141 verbor
781 2101 819 2140 an
843 2078 884 2141 ed
905 2078 1043 2141 valorem
1061 2079 1260 2140 matrimonii

138 2181 387 2244 Protestentium
406 2203 506 2264 aeque
521 2186 708 2246 necessaria,
718 2187 761 2246 rit
776 2188 956 2266 praesentia
971 2185 1107 2247 Paroelri
1125 2191 1158 2246 et
1177 2184 1261 2246 duro·

138 2306 210 2348 rum
238 2288 388 2365 testium,
427 2307 464 2349 ae
493 2287 534 2350 ad
564 2288 759 2351 validitatein
790 2291 980 2352 matrImonli
1016 2288 1259 2351 catholicorum

139 2389 215 2453 talis
243 2393 433 2472 requiritur,
471 2400 504 2454 et
534 2415 572 2456 an
602 2395 800 2457 matrimonia
832 2397 915 2456 inter
944 2394 1131 2456 catholicos
1163 2401 1259 2472 atque

141 2496 357 2559 Protestantes
381 2498 448 2560 sine
470 2501 587 2561 Forma
608 2519 667 2580 per
690 2500 787 2560 Cone.
811 2501 1032 2562 Tridentinum
1059 2501 1257 2580 praescripta

141 2599 247 2664 valide
274 2602 348 2663 iniri
377 2604 527 2682 possint?
556 2604 731 2667 Fatendum
760 2610 865 2666 eutem
897 2612 965 2684 est,
998 2602 1260 2688 quemadmodum

143 2706 401 2797 Theologorum‚
438 2710 484 2770 ita
517 2709 661 2790 ipsorum
692 2710 852 2772 Romanae
884 2711 999 2772 Curiae
1036 2701 1263 2783 'tribunalium

142 2852 388 2871 *η

179 2949 268 2992 mente
285 2943 469 2992 Paenitentiae
488 2957 520 2992 ae
537 2942 723 2992 Ericharistiee
742 2943 956 3003 eonscientiude
975 2951 1050 2993 ruetr.
1070 2942 1267 3002 clandestinis,

179 3034 308 3082 indirecte
327 3035 359 3081 ad
386 3034 586 3095 prohibitionem
611 3040 683 3083 matr.
707 3035 845 3082 mixtorum
869 3033 991 3084 concludi
1010 3048 1100 3096 posse.
1117 3058 1155 3071 -
1172 3035 1268 3082 ilen-

180 3108 276 3174 riens
302 3124 558 3188 Wessenberg
581 3130 669 3173 antem
693 3137 813 3184 eausam,
829 3139 876 3174 cnr
895 3127 1021 3186 synodus
1046 3126 1207 3181 Tridentino
1232 3127 1268 3175 de

181 3221 257 3265 matr.
275 3213 362 3262 mixtis
381 3210 419 3262 nii
442 3215 627 3274 constituerit,
645 3215 672 3264 in
692 3228 772 3276 opere
798 3229 865 3265 snos
883 3219 937 3266 Dic
953 3231 1059 3277 oro-roeo
1086 3217 1270 3267 Kirctrearer··

180 3305 499 3365 comminuendam.
518 3307 573 3354 rond
590 3307 664 3356 XVI.
691 3308 883 3356 lotricuuderto
901 3308 929 3380 tu
948 3294 1100 3368 neireumq
1127 3309 1181 3366 crus
1200 3309 1268 3359 Kir-

182 3397 432 3455 citenrertesrerunq
448 3398 631 3455 cerciictttict
649 3399 704 3446 aad
720 3398 829 3447 trittrcir
847 3400 1004 3458 detrectent.
1021 3399 1071 3447 IV.
1090 3400 1178 3448 Bond.
1202 3399 1269 3450 Coa.

182 3495 266 3539 stoue.
285 3483 374 3537 iseo.
392 3500 452 3547 aaa.
471 3483 540 3538 324.
559 3487 602 3558 itu¹
619 3489 742 3550 exponit:
758 3490 808 3549 „in
832 3489 956 3538 Hinsieht
981 3485 1089 3538 soleher
1116 3481 1269 3554 (gemiscu-

184 3575 240 3642 tcr)
259 3580 335 3628 Eheu
354 3579 466 3628 enthielt
492 3579 549 3628 sich
569 3581 617 3628 des
645 3576 741 3630 Ceneil
759 3594 792 3628 zu
820 3580 912 3629 'i'rient
934 3579 1002 3628 aller
1023 3581 1270 3646 Bestimmnngen3

184 3672 255 3723 denn
274 3671 361 3721 einen
384 3669 487 3720 Verbot
510 3667 651 3721 derreiben
675 3670 768 3719 wiren
787 3673 877 3720 starke
900 3670 1046 3721 Bedenken
1071 3672 1099 3720 in
1117 3671 1169 3720 den
1188 3672 1272 3737 Weg

183 3768 317 3828 getreten.
334 3762 397 3812 ihre
413 3761 626 3826 Besehrinlrnng
644 3763 708 3810 alter
726 3761 807 3809 durch
825 3767 936 3826 strange
954 3761 1151 3828 Bedingnngen
1170 3764 1271 3814 schien

185 3851 258 3904 wohl
283 3853 384 3903 demtis
408 3865 452 3902 nm
476 3866 507 3902 so
525 3851 733 3916 itherdiissiger,
756 3849 797 3919 qis
816 3853 859 3902 die
880 3853 1070 3918 gegenseitige
1097 3853 1273 3920 Abneigung

184 3946 233 3995 der
247 3941 505 4005 Glenbensprrteien
519 3944 577 3991 sich
589 3943 704 3993 chochin
716 3940 756 3990 als
770 3945 875 3992 starker
890 3943 1049 3992 iliuderniss
1061 3944 1168 3995 solcher
1186 3945 1270 3995 itiitere

184 4037 283 4102 seigte.
295 4036 355 4085 Ans
370 4035 460 4084 dieser
471 4034 620 4097 Stimmung
638 4029 739 4082 erklirt
752 4033 810 4082 sich
824 4035 871 4082 des
888 4031 1109 4100 Stiiisclrweigen
1128 4035 1177 4084 des
1193 4034 1270 4085 Con-

184 4127 254 4189 eiis,
272 4125 361 4176 wobei
379 4125 504 4175 desseibe
530 4123 659 4188 arrigens
678 4123 748 4173 ohne
773 4121 889 4174 Zweiiel
912 4131 1112 4186 vorenssetzte,
1138 4126 1202 4173 ders
1223 4126 1270 4176 die

183 4218 381 4283 Veriiignngen
401 4214 522 4265 iriiirerer
539 4213 822 4279 Kireltensrtznngcn,
839 4211 944 4264 welche
961 4215 1005 4265 die
1019 4217 1096 4265 Eheu
1114 4214 1162 4265 mit
1179 4214 1271 4266 Hire·

149 4320 153 4325 ·
181 4310 268 4359 tikern
286 4307 331 4356 tir
347 4302 507 4372 urentissig
523 4301 673 4363 eritirten,
691 4306 758 4353 suctu
776 4304 834 4353 irier
850 4305 1033 4369 Anwendnng
1050 4303 1176 4355 tindeni'
