2798 4838
678 267 908 339 ·.-546-

221 421 373 481 trinsonio
394 420 507 503 nicto
535 415 667 474 iseeuucii
685 415 783 492 peno*
800 418 992 498 coucedatur·
1009 416 1171 495 λίπω,
1203 433 1278 477 cum
1307 432 1358 495 per

224 547 260 587 ea
283 530 410 584 mutuus
434 522 517 581 inter
547 519 691 580 homiues
723 516 917 578 diversarum
949 517 1200 609 Conlessiunum
1230 517 1357 600 religio·

226 648 331 691 sarum
353 646 445 688 amor
468 625 637 704 insigniter
666 627 909 704 promoveatur3
939 641 1038 702 porro
1067 632 1107 686 ut
1135 643 1195 703 ope
1225 630 1304 703 lepis
1327 631 1358 714 in

224 740 275 796 tris
298 735 441 794 Comitiis
460 730 613 805 &rendae
634 732 884 807 determinetur‚·
901 733 1008 807 protes
1029 747 1046 789 e
1068 734 1240 790 connubiis
1271 736 1355 791 mic-

135 822 138 828 ’
225 844 267 901 tis
288 856 397 899 omncs
422 840 542 912 ubsque
564 837 746 894 discrimine
767 852 868 894 secus
887 829 923 894 in
943 837 1095 910 reiioiouc
1112 840 1221 912 putris
1243 842 1355 896 edmo-

224 948 256 1005 rt
284 945 416 1018 debete,
445 948 517 1017 post
546 957 649 999 annos
678 956 755 1001 soro
794 942 994 1019 discretionis
1029 943 1237 1020 relictorum,
1268 960 1355 1018 omn

223 1052 340 1129 vetitet,
373 1047 520 1123 profiteri
545 1064 656 1123 possc3
688 1044 808 1125 pariter
847 1048 883 1105 ut
912 1048 1105 1121 recopulotio
1141 1064 1353 1123 personarum

224 1153 341 1214 mixtae
366 1148 534 1229 religionis
558 1151 749 1230 abrogetur,
771 1169 876 1230 poena
906 1148 938 1210 ln
971 1150 1145 1248 Curatum,
1179 1153 1239 1231 qui
1274 1149 1352 1213 illan

225 1257 389 1335 suscipere
413 1259 651 1333 praesumeret,
687 1255 879 1331 coustituta3
911 1253 1039 1316 tandem
1070 1261 1105 1335 ut
1133 1256 1168 1317 in
1198 1260 1352 1336 processi-

224 1362 284 1421 bus
306 1357 529 1421 divortialibus
551 1360 759 1439 pronunciata
781 1378 840 1443 pro
878 1358 1017 1421 divortlo
1040 1359 1081 1422 ad
1093 1366 1203 1421 torum
1228 1368 1262 1424 et
1276 1383 1353 1424 men-

225 1485 292 1547 sam
315 1465 491 1542 sententia,
523 1466 608 1546 parti
630 1464 829 1545 evangelicae
852 1463 988 1528 liberum
1021 1465 1067 1534 sit
1085 1484 1169 1533 nova
1198 1468 1286 1530 inire
1306 1489 1353 1541 ro·

225 1579 258 1650 ta
289 1567 537 1647 matrimonialia
563 1563 650 1642 ¹⁰⁴⁸).
684 1603 721 1615 ·-
761 1569 887 1660 'laberis
917 1575 1110 1650 Procerum,
1149 1573 1354 1651 quemadmo-

225 1676 300 1742 d'unr
333 1676 391 1737 sub
424 1675 571 1736 comitiis
602 1654 637 1736 a.
672 1671 783 1755 188²(0.
802 1730 805 1735 .
824 1671 901 1749 10Μ)
935 1673 1109 1756 postulatis
1138 1683 1172 1738 et
1204 1680 1354 1758 proiectis

170 1853 179 1876 x
225 1782 370 1843 Statuam
393 1779 433 1845 de
456 1780 750 1842 modificationibus
773 1780 893 1862 quoad
916 1778 1083 1865 articulum
1111 1779 1354 1863 religionnrium

135 1945 137 1949 ,
223 1907 251 1947 a.
278 1881 390 1962 l'79‘½.
420 1885 636 1967 suscipiendis
668 1883 848 1948 meritorias
881 1887 1289 1968 opposuit-reflexionem
1315 1891 1353 1952 lta

221 1990 435 2075 adpraesens
458 1991 613 2055 Nuuciu'm
648 1990 1008 2071 eorumdenstatuun
1038 1993 1168 2054 minime
1202 1997 1353 2077 accessit,

223 2096 280 2159 sed
304 2096 411 2179 quoad
434 2094 645 2161 sublationem
671 2097 893 2167 Reversalium
913 2099 1008 2165 etism
1030 2118 1088 2187 pro
1119 2104 1301 2179 praeterito
1323 2100 1353 2165 id

222 2203 389 2283 speciatim
424 2202 663 2264 animadvertit:
697 2223 732 2264 ea
764 2200 904 2290 plurium
935 2201 1130 2265 familiarum
1161 2211 1197 2265 et
1228 2226 1353 2286 genere·

221 2308 345 2368 tionum
374 2305 640 2387 tranquillitatem
679 2310 896 2387 perturbatum
926 2310 988 2388 iri,
1009 2315 1113 2389 atque
1145 2312 1351 2393 incongruum

223 2431 314 2491 esse,
338 2418 390 2491 ut,
417 2411 490 2472 dum
513 2433 588 2491 pars
622 2404 790 2475 catholica
822 2417 880 2476 sub
917 2414 1104 2477 conditione
1134 2412 1350 2480 Reverseliurn

221 2517 459 2579 matrimonium
482 2518 612 2577 mixtum
636 2518 775 2579 ineundo
798 2519 902 2580 eidem
925 2525 1032 2581 exacte
1065 2521 1255 2602 satisfacit,
1284 2544 1349 2605 pars

220 2622 321 2686 altera
344 2626 383 2685 ab
407 2623 592 2684 huiusmodi
626 2622 821 2703 obligatione
851 2628 979 2705 penitus
1009 2625 1167 2688 liberetur
1204 2627 1293 2703 ¹⁰⁵⁰).
1316 2662 1346 2672 -

219 2730 291 2791 Nou
313 2732 419 2791 miuus
442 2728 610 2794 difficilem
634 2750 667 2789 se
691 2730 834 2804 exhibuit
856 2732 1026 2793 Procerum
1042 2730 1169 2794 Tabula
1194 2735 1298 2797 relate
1313 2734 1346 2797 sd

221 2834 309 2897 aliud
332 2835 478 2895 Statuam
501 2854 537 2895 ac
560 2834 714 2896 Ordinum
737 2836 951 2915 postulatum:
975 2844 1009 2898 ut
1040 2846 1152 2899 contra
1182 2845 1347 2919 Episcopus
1375 2857 1380 2863 ·

219 2944 605 3019 Macco-Vorodiueuscm
634 2949 666 3001 et
702 2932 965 3021 Rosliosicnsom,
999 2962 1133 3021 quorum
1163 2949 1262 3025 prior
1289 2949 1346 3008 lla·

221 3044 358 3124 cyclicas
381 3045 422 3106 ad
452 3044 566 3106 fideles
599 3045 637 3106 de
671 3047 779 3108 vetitis
809 3050 973 3110 connubiis
1004 3050 1132 3127 mixtis,
1166 3061 1202 3112 et
1233 3053 1344 3113 lustru-

218 3151 356 3210 ctionem
379 3148 423 3211 ad
443 3151 604 3231 parochos
628 3150 669 3212 de
690 3138 806 3214 iisdem
828 3154 956 3215 nonnisi
984 3153 1043 3219 sub
1072 3154 1266 3218 conditione
1289 3159 1343 3218 lle·

180 3312 181 3316 ,
216 3252 391 3314 sersalium
413 3250 642 3317 benedicendis
665 3257 839 3335 dimiserit3
862 3260 1024 3338 posterior
1045 3264 1152 3321 aretem
1177 3282 1281 3341 aeque
1294 3281 1342 3344 per

216 3357 398 3422 circulares
420 3358 531 3421 literas
556 3359 681 3423 diversa
717 3371 808 3428 metr.
831 3367 938 3425 mixtis
961 3385 1031 3427 cum
1053 3385 1113 3447 per
1143 3387 1183 3428 se
1207 3376 1273 3429 tum
1293 3385 1340 3447 per

217 3466 352 3529 (iuratos
375 3465 602 3545 impedimenta
625 3471 789 3549 posuerit,
812 3489 868 3549 ea,
902 3489 982 3550 quae
1003 3472 1094 3532 viuris
1126 3481 1226 3557 sunt,
1255 3493 1337 3553 agau-

213 3581 287 3650 tur,
312 3572 474 3653 signanter
496 3578 532 3634 ut
553 3573 645 3634 ambo
668 3577 823 3655 Episcopi
847 3574 1028 3638 circulares
1051 3596 1128 3639 suas
1150 3576 1268 3641 literas
1293 3598 1332 3639 re·

213 3683 349 3740 tractare
389 3678 575 3757 iubeantur,
609 3685 640 3740 et
672 3680 808 3744 Articuli
849 3678 1050 3763 'religionaril
1083 3704 1113 3747 a.
1145 3682 1330 3765 179⁰l1.per

185 2069 204 2108 Χ

1371 2284 1383 2319 l

219 3871 465 3887 w

285 4005 368 4070 1048)
387 4010 476 4058 Mon.
495 4011 555 4084 aut.
575 4026 637 4076 pag.
656 4011 717 4062 692.

286 4095 369 4161 1049)
389 4103 422 4149 ct.
442 4095 464 4161 i.
475 4092 543 4150 ibi.
615 4105 618 4110 '

279 4189 363 4254 1050)
382 4191 467 4241 uon.
498 4191 557 4242 366.
573 4209 637 4260 pig.
657 4194 717 4248 695.
