2798 4838
608 279 838 351 ...290-

155 424 356 486 nevensis
398 421 439 484 ad
467 422 668 507 Episcopum
706 424 963 486 Lausannensem
1002 429 1034 486 et
1064 421 1246 488 (lensiensi

155 533 266 590 contra
294 528 392 591 mixta
419 528 622 609 matrimonia
652 528 814 592 30..1ιιηί1
846 533 938 592 1885.
971 535 1133 594 exaratam
1166 529 1246 594 dehi

152 631 303 697 laudibus
333 631 552 714 celebremus,
581 640 742 714 tamquam
774 635 920 697 eximium
952 633 1036 717 zeli,
1069 655 1133 717 quo
1161 635 1247 702 cler

150 739 214 802 iste
242 735 302 820 pr'o
332 736 520 802 defensione
549 740 674 830 priscae
704 740 875 802 canonicae
908 738 1101 822 disciplinae
1133 740 1247 806 ardcha

151 841 385 908 documentum.
408 845 444 907 in
464 845 758 927 repraesentatione
779 844 841 931 hac
854 843 970 909 vividis
986 844 1154 910 coloribus
1172 845 1246 911 adur

150 950 224 1013 hrat
247 948 362 1013 Clerus
383 950 583 1031 perniciosas
603 950 638 1012 in
659 969 727 1012 rem
748 948 941 1014 catholIcam
963 949 1113 1034 sequelas
1136 972 1179 1016 ex
1202 954 1246 1017 Pr

149 1056 335 1118 testantium
356 1055 390 1116 in
412 1055 554 1119 cantone
578 1056 756 1119 Geneuensi
778 1056 895 1138 agendi
915 1058 1040 1124 ratione
1062 1055 1246 1124 resultantes

149 1161 324 1242 quinariis
346 1161 408 1224 tiis
429 1168 495 1224 tam
516 1169 628 1244 aperte
648 1183 742 1245 quam
766 1160 892 1225 occulte
913 1162 1074 1227 haeresim
1103 1163 1191 1227 intra
1211 1185 1246 1226 an

147 1266 250 1330 bitum
272 1266 496 1346 parochiarum
526 1266 755 1331 catholicarum
786 1287 986 1349 propagare,
1017 1275 1049 1330 et
1072 1271 1189 1331 mixtas
1215 1290 1246 1331 nu

146 1373 233 1450 ptiar
261 1371 348 1435 velut
379 1380 593 1454 opportunum
624 1374 666 1436 ad
695 1374 731 1436 id
760 1374 900 1436 medium
928 1374 1083 1437 adhihere
1115 1375 1246 1438 studeant

147 1476 299 1561 Reflecut
327 1497 425 1560 porro
454 1478 540 1541 idem
571 1477 706 1558 Clarus,
735 1478 839 1561 quod,
871 1479 933 1542 etsi
960 1481 995 1541 in
1016 1478 1126 1551 mixtis
1155 1481 1246 1562 nuptih

146 1602 245 1666 penes
269 1582 544 1667 dispensationem
560 1584 762 1647 Pontificiam
783 1584 872 1647 initis
891 1590 999 1666 partes
1018 1587 1078 1647 suh
1096 1588 1246 1648 iuramenta

144 1689 333 1772 promittant
354 1685 493 1770 prolium
516 1690 684 1771 utriusque
706 1710 800 1752 sexus
822 1691 856 1751 in
878 1688 962 1753 Fide
985 1689 1156 1756 Catholicae
1176 1691 1246 1754 iusti·

144 1795 318 1871 tutionem,
349 1792 418 1857 lere
439 1800 543 1858 tamen
557 1812 677 1857 ‘omnes
701 1794 826 1857 haeresi
848 1797 881 1857 in
899 1794 1056 1879 ‘praedam
1078 1797 1207 1875 cedant,
1228 1799 1246 1857 et

143 1918 245 1983 poene
267 1896 431 1963 moraliter
450 1899 654 1982 impossihile
677 1901 738 1981 sit,
766 1921 806 1963 ne
828 1908 920 1964 matr·
943 1902 1040 1965 mixta
1070 1904 1105 1964 in
1128 1905 1246 1966 cantone

142 2005 323 2069 (ieneveusi
344 2006 500 2068 eratione
522 2003 794 2088 praedominantis
814 2005 959 2069 haeresis
981 2009 1015 2069 in
1037 2009 1246 2090 praeiudicium

141 2109 219 2174 ildei
244 2116 275 2175 et
295 2109 521 2191 religiositatis
544 2118 692 2191 uergant:
715 2112 843 2174 tacitam
871 2114 989 2194 qnippe
1016 2113 1173 2177 Gubernii
1191 2130 1245 2194 pro·

139 2217 324 2301 tectionem,
341 2225 508 2299 parentum
525 2225 559 2280 et
575 2219 750 2280 amicorum
771 2216 1030 2298 sollicitationes,
1049 2221 1245 2283 ministrorum

138 2318 443 2406 protestantieorum
471 2319 575 2386 zelum
605 2330 639 2385 et
658 2324 832 2386 intentatas
861 2325 1198 2389 excommunicationes
1214 2353 1244 2367 ··

138 2429 247 2492 omnia
275 2428 356 2490 haec
379 2447 589 2509 concurrere,
617 2436 653 2491 ut
673 2448 748 2511 pars
780 2431 950 2511 coniugum
981 2433 1206 2510 protestantica
1221 2433 1245 2490 et

137 2535 172 2596 ln
193 2534 471 2617 praetensionibus
494 2535 562 2597 suis
583 2535 701 2614 nimia,
732 2541 764 2597 et
791 2535 824 2596 in
846 2534 1008 2598 voluntate
1037 2538 1169 2600 immota
1188 2533 1243 2598 red-

138 2636 242 2704 datur.
275 2640 355 2704 Gum
377 2647 481 2703 autem
515 2639 706 2720 adviunesta
735 2641 858 2704 isthaec
886 2643 1070 2724 nuptiarum
1098 2644 1241 2705 mixtarum

113 2748 334 2811 'consectaria
356 2747 572 2828 praecavenda
596 2749 809 2829 opportunius
840 2745 981 2810 medium
1012 2750 1151 2829 cogitari
1176 2743 1240 2809 haud

134 2854 262 2935 possit,
285 2873 379 2933 quam
403 2852 432 2915 si
455 2852 653 2914 Gubernium
675 2850 886 2914 emolumenta
908 2873 965 2914 sua
995 2853 1128 2917 abillis
1151 2855 1238 2916 haere

128 2977 209 3022 sens
232 2956 433 3040 separando,
460 2959 558 3020 mixta
587 2959 788 3021 matrimonia
814 2978 876 3019 non
899 2958 994 3021 aliter
1015 2976 1112 3040 quam
1135 2961 1237 3024 obtenta

135 3063 265 3143 praevie
295 3060 463 3125 Ecclesiae
496 3063 734 3143 dispensatione
774 3065 920 3127 contrahi
955 3064 1148 3129 indulseritr
1184 3065 1237 3125 orat

134 3166 250 3230 tilerus
272 3169 489 3249 Episcopum,
513 3176 547 3232 ut
569 3190 631 3250 qua
646 3167 730 3231 valet
752 3171 943 3232 auctoritate
966 3170 1006 3232 de
1026 3173 1171 3254 congruis
1186 3185 1232 3232 me·

53 3271 55 3276 ’
114 3270 218 3344 ,delis
241 3271 418 3355 provideat.
438 3272 498 3346 ⁵⁵⁵)

646 3604 655 3624 .
684 3551 769 3620 162.

386 3548 699 3747 niteretur-§cx
715 3690 884 3760 mpoerss
901 3692 991 3750 vll.

231 3849 275 3920 Λ)
300 3846 639 3911 catholicorum.

233 3956 303 4016 133.
325 3951 580 4016 wilhelmus
603 3954 788 4034 Schiitn,
810 3960 1097 4044 dteBcrathunpen
1111 3963 1213 4028 esau

79 4054 80 4057 ’
129 4060 259 4120 mischtc
279 4061 372 4121 Eheu
392 4062 426 4120 tn
447 4066 504 4122 der
525 4063 659 4124 awriten
680 4065 830 4124 Kammcr
852 4069 909 4125 der
922 4067 1131 4136 Sdchstschcn
1147 4061 1212 4122 sun·

195 4264 263 4333 555)
280 4269 371 4322 Mon.
389 4270 448 4323 219.
468 4286 530 4340 pag.
549 4271 609 4323 316.
629 4299 665 4314 ·—
683 4273 930 4338 iiheisrwrid,
957 4291 1000 4342 op.
1020 4277 1065 4330 cit
1082 4271 1146 4341 (not
1159 4255 1207 4322 uti

160 4376 222 4429 pag.
241 4360 391 4415 asa-am.
1014 4400 1021 4408 .
