2798 4838
581 290 606 304 -
647 245 736 322 ’264
762 254 813 303 4-
856 241 860 257 ’

129 395 218 458 sibus
238 394 367 456 aestivis
384 395 456 456 anni
469 398 561 458 1836.
582 396 725 476 regimen
748 394 1077 478 Archie'piscopatuo,
1099 414 1174 458 mox
1189 414 1261 475 per·

129 500 235 582 spexit
246 498 394 562 Clemens
406 502 486 581 Aug.
495 504 631 576 Droste‚
655 501 905 564 conventionem
924 498 1170 564 Berolinensem
1193 520 1260 564 cunr

128 608 222 669 Brevi
232 607 282 668 Pii
290 606 375 671 vlu.
395 627 557 688 pugnaret
579 607 653 668 hinc
668 606 820 689 parochis
843 607 1047 685 quaestiones
1066 608 1259 690 ponentibus

131 719 163 775 et
183 711 374 774 inviationes
397 713 579 793 petentibus
600 734 663 775 non
686 715 773 775 iuxta
796 713 1043 775 Conventionem
1066 713 1125 775 sed
1149 732 1259 775 secun·

131 816 204 880 dum
221 820 326 907 vBreve
349 819 554 881 Pontificium
584 819 680 881 dabat
707 837 881 899 responsa;
912 819 1075 881 cotonei
1102 839 1142 881 ea
1174 825 1261 881 erant

131 926 350 1004 consectaria,
376 923 462 1005 quod
485 930 517 985 et
538 924 719 987 benedictio
743 923 896 1004 nuptialis
920 926 1047 1005 sponsis
1069 931 1210 1006 negata,
1233 931 1260 988 ct

131 1028 282 1092 mulieres
304 1037 380 1111 post
400 1035 525 1111 partum
546 1030 693 1092 benedici
724 1027 921 1110 postulantes
952 1030 1100 1110 repulsae
1132 1031 1259 1093 inerint·

136 1133 198 1209 ³⁰⁸)
221 1126 293 1197 Non
313 1136 427 1198 reiecit
454 1142 557 1198 tamen
589 1138 717 1215 penitus
741 1137 990 1198 Conventionem
1021 1141 1053 1198 et
1074 1137 1259 1199 instructio·

132 1261 204 1303 nem
227 1240 462 1322 Spiegelianam
485 1243 616 1304 Droste:
641 1241 804 1321 signanter
825 1242 857 1302 in
881 1244 1008 1304 casibus
1030 1242 1260 1304 benedictionis

132 1345 320 1410 mulieribus
342 1353 419 1429 post
443 1355 566 1429 partum
588 1348 817 1429 impertiendae
840 1349 999 1415 mitiorem
1018 1354 1175 1428 sequutus
1195 1367 1261 1409 sen·

133 1455 282 1532 tentiam,
306 1453 392 1535 quod
415 1455 631 1533 existimaret,
662 1452 751 1515 illius
775 1453 1017 1533 denegationem
1038 1473 1195 1516 censurae
1214 1451 1261 1515 lo-

135 1578 172 1621 co
195 1558 373 1621 habendam
397 1579 488 1638 esse,
519 1560 598 1621 haec
628 1565 731 1621 autem
754 1579 813 1637 per
833 1561 932 1620 Breve
956 1559 1162 1621 Pontificium
1191 1578 1261 1637 pro-

133 1664 237 1726 hibita
258 1664 355 1751 foret.
377 1665 471 1727 Unde
495 1665 652 1743 refertur,
676 1663 795 1726 abillo
819 1665 994 1743 parochum
1017 1665 1198 1746 quempiam
1217 1683 1258 1726 er·

136 1790 176 1851 ga
198 1770 313 1833 iterata
336 1791 393 1834 sua
415 1773 533 1835 monita
564 1771 753 1833 benedicere
781 1777 982 1832 recusantem
1010 1770 1169 1832 beneficio
1200 1767 1262 1849 'pri-

46 1899 49 1905 ·
134 1881 240 1960 vatum
264 1876 436 1940 exstitisse.
459 1873 520 1947 509)
550 1909 587 1922 -
612 1876 758 1956 Querelis
790 1896 828 1938 ex
858 1881 949 1957 parte
973 1894 1164 1967 sponsorum
1187 1875 1273 1963 mix·-

135 1987 187 2043 tae
218 1979 386 2062 religionis
416 2003 474 2061 per
504 1983 664 2061 parochos
694 2003 712 2042 a
741 1981 965 2044 benedictione
995 1961 1198 2061 repulsorum
1227 1978 1264 2043 ad

138 2086 325 2148 Praesidem
347 2073 530 2150 Provinciae
552 2086 687 2169 delatis,
718 2088 771 2149 hic
801 2093 873 2149 ante
903 2087 1007 2149 omnia
1039 2065 1133 2152 sensa
1155 2085 1263 2148 Archi·

138 2193 281 2273 episcopi
298 2195 433 2273 genuine
451 2213 643 2274 cognoscere
665 2192 796 2280 volens,
819 2192 954 2254 eundem
975 2194 1092 2254 iterato
1115 2211 1263 2275 provoca·

138 2297 202 2375 vit,
225 2303 259 2358 ut
282 2298 365 2359 datis
388 2298 551 2360 advirum
574 2300 606 2360 in
629 2298 784 2379 dignitate
807 2281 1028 2361 ecclesiastica
1051 2299 1263 2374 constitutum,

139 2402 259 2483 quiippe
281 2407 501 2481 Praepositum
511 2407 801 2482 Aqrrtcoraueusem
824 2403 951 2483 literis,
974 2424 1061 2466 suam
1086 2405 1174 2466 circa
1196 2423 1264 2465 con·

138 2507 235 2569 nubia
257 2508 354 2570 mixta
377 2510 565 2571 sententiam
587 2509 672 2572 clare
696 2516 878 2588 exponeret.
910 2511 1020 2573 Paruit
1048 2507 1265 2590 provocationi

82 2697 83 2702 ἵ
139 2612 435 2696 Archiepiscopus,
456 2621 500 2676 -et
522 2615 575 2677 dd.
600 2622 659 2694 25„
676 2616 839 2677 Decembr.
866 2621 958 2677 1836.
984 2615 1031 2704 (ad
1063 2620 1267 2677 memoratum

139 2719 361 2802 Praepositum
383 2717 496 2782 literas
520 2720 628 2782 dedit:
653 2723 683 2782 in
708 2721 822 2801 quibrm
842 2723 1015 2802 praecipue
1031 2728 1070 2783 dc
1085 2725 1266 2783 benedictio·

140 2843 181 2886 roc
199 2844 434 2903 puerperarum
453 2836 528 2904 poet
543 2837 675 2904 parterm
696 2829 782 2907 agit,
808 2846 937 2905 eamque
961 2828 993 2887 in
1017 2845 1116 2888 sensu
1134 2827 1266 2887 Conven

143 2922 242 2992 tionis
264 2928 487 3012 Spiegelianae
520 2933 554 2992 in
577 2951 692 3011 genere
722 2930 808 2993 haud
832 2931 1049 3012 denegandam
1080 2937 1210 3011 censet,
1234 2947 1269 2991 ne

143 3054 308 3097 censuram
331 3037 454 3116 sapiat,
481 3037 515 3098 in
544 3038 640 3099 Brevi
661 3035 851 3117 Apostolico
881 3039 1027 3099 vetitam:
1059 3034 1119 3098 sed
1149 3034 1270 3101 nonnisi

142 3147 218 3202 tunc
241 3141 325 3201 iuste
355 3139 445 3203 illam
467 3141 619 3224 denegari
642 3144 708 3220 ait,
740 3141 816 3203 dum
845 3162 919 3223 pars
955 3141 1114 3204 catholica
1146 3140 1268 3223 proprio

181 3407 230 3457 her
248 3407 294 3455 mit
311 3407 444 3458 Frenden·
461 3408 505 3457 dic
524 3404 671 3471 Eriirilong
697 3407 800 3457 meines
825 3405 983 3456 Wunscires
1011 3419 1208 3470 verumtamen,
1221 3404 1266 3454 ond

180 3500 242 3548 Ew.
263 3497 365 3564 woiten
384 3513 415 3549 so
434 3499 514 3564 giutig
541 3514 628 3560 seyn,
647 3500 693 3549 Se.
712 3500 776 3548 Ere.
797 3501 849 3548 den
876 3500 964 3549 Herrn
982 3498 1110 3548 Minister
1139 3514 1175 3548 zu
1192 3495 1266 3548 vorsi-

126 3645 128 3650 .
185 3592 285 3654 chem,
305 3593 370 3640 dass
391 3592 433 3641 ich
453 3593 523 3642 mich
542 3592 619 3640 wohl
638 3591 719 3641 tritten
747 3589 958 3659 werde,jene,
977 3589 1089 3654 gemiss
1109 3593 1171 3641 dem
1189 3591 1264 3639 Breve

184 3697 246 3731 vom
272 3684 373 3745 Pcpstc
396 3684 462 3732 Pius
490 3683 564 3733 vlu.
591 3684 706 3732 deriber
732 3683 883 3749 getrotiene
910 3684 964 3732 und
990 3683 1019 3732 in
1043 3684 1096 3732 den
1123 3684 1263 3732 benenateo

183 3775 243 3823 vier
274 3773 428 3840 Sprengeln
458 3789 508 3826 cor
537 3772 723 3839 Voltziehung
754 3774 930 3839 gekommene
958 3772 1171 3841 Vercinbcrnng
1204 3770 1278 3834 nicht·

185 3866 307 3914 :utrecht
325 3880 359 3914 zu
386 3864 742 3927 holten.”11arveaunades
764 3867 923 3926 Versotrenr
941 3867 988 3915 der
1013 3867 1204 3916 Preuutecten
1217 3863 1260 3912 uc·

183 3957 458 4018 remunerentur
476 3959 639 4016 Erzdtectof
662 3972 713 4007 oon
731 3959 810 4008 Koila.
830 3959 932 4008 Berlin.
951 3955 1042 4008 1838.
1061 3971 1122 4018 nco.
1142 3954 1188 4009 19.
1205 3951 1258 4004 neu

221 4042 287 4108 508)
307 4050 341 4101 cf.
360 4049 517 4100 relationem
541 4050 749 4111 archiepiscopi
768 4051 803 4099 od
829 4050 927 4101 Sedens
955 4047 1145 4113 Apostoliernr
1169 4049 1209 4098 dd.
1223 4041 1256 4094 ti·

185 4139 261 4200 sepe.
276 4121 357 4191 'reae
375 4133 398 4201 o.
418 4140 478 4191 ιιι.

219 4224 285 4292 509)
304 4230 366 4280 vio.
387 4231 508 4283 Clemenc
534 4236 642 4293 aspect.
672 4233 832 4292 Endirctof
845 4247 896 4283 oon
923 4235 1003 4284 licitu.
1022 4234 1079 4286 Eiet
1103 4221 1252 4284 scudem·

182 4322 233 4374 ben
250 4335 287 4373 cc
304 4323 357 4373 deo
374 4323 422 4375 Fr.
440 4338 466 4372 o.
488 4323 602 4385 Gcaern.
629 4325 785 4383 montfort.
805 4322 895 4376 1838.
916 4340 941 4382 o.
967 4323 1016 4378 53.
