2798 4838
787 114 801 147 Ὗ

511 253 807 336 -ma-'

452 710 456 715 ,
554 636 590 733 g.
618 636 705 709 aco.
770 598 774 607 ’

63 783 119 841 lm
136 777 327 839 ninere-r
343 776 608 837 Neonollemst
632 775 815 836 Pcroehl
844 777 1011 850 proxim
1037 776 1195 850 prami-

63 870 170 931 sens
202 869 479 929 benedicendi
503 875 628 928 matr.
645 866 779 927 mtxt'·
796 883 923 940 oms
950 869 1123 940 corr-itt,
1151 873 1196 929 et

62 963 434 1022 Declarattomlbus
471 962 588 1020 serit·
627 962 893 1034 Apostollcae
933 960 1196 1021 conformari

62 1055 264 1128 pluribus
290 1053 775 1126 Repraesentat-moninus
804 1056 919 1124 apud
941 1056 1192 1114 Procrusten

203 1161 332 1203 ιιιιιιιι
351 1146 640 1205 sollicitabunt
666 1159 705 1203 ιι.
725 1149 849 1215 18⁸8,
869 1149 912 1202 et
932 1148 1056 1205 1818.

168 1327 263 1389 Prius
300 1327 431 1407 adhuc,
463 1347 556 1409 quam
592 1327 775 1410 Episcopus
815 1328 933 1408 Magno
944 1308 1193 1393 -varadinenis

63 1430 250 1495 Pastorales
273 1431 384 1495 literas
407 1432 449 1495 ad
471 1431 606 1511 fideles,
631 1438 664 1494 et
684 1434 930 1496 {astructionem
963 1432 1006 1497 ad
1027 1418 1193 1498 Parachos

61 1539 237 1618 inncgotio
261 1545 352 1600 matr.
376 1540 547 1601 mixtorum
569 1536 733 1618 dedisset,
756 1538 790 1600 ln
813 1539 963 1602 llioecesi
989 1536 1193 1602 Neosoll-

64 1644 160 1705 ensi
182 1641 404 1725 plerorumque
427 1645 638 1707 Districtuum
667 1641 876 1707 Decanalium
906 1645 1044 1707 Parochi
1073 1664 1111 1706 ex
1141 1646 1193 1707 in·

61 1747 187 1810 cidenti
208 1754 374 1810 eventuum
385 1747 590 1813 Coloniensi
600 1770 638 1812 ac
658 1749 886 1812 Posnaniensis
909 1751 1128 1833 quaestionem
1151 1748 1192 1813 dc

60 1853 154 1935 praxi
173 1856 354 1935 promiscue
383 1855 593 1917 benedicendi
623 1857 738 1918 mixtas
766 1857 914 1937 nuptias,
945 1875 1038 1935 quam
1068 1853 1191 1936 regulis

60 1956 229 2023 Ecclesiae
249 1980 310 2042 per
332 1961 494 2022 Summum
510 1960 699 2023 Pontificem
720 1961 883 2044 repetitim
902 1958 1073 2023 declaratis
1089 1959 1192 2023 haud·

60 2082 219 2145 quaquam
242 2064 436 2127 conformem
459 2085 530 2127 csse
552 2063 637 2127 ultro
661 2084 872 2148 perspexere,
895 2065 982 2149 apud
1004 2065 1192 2129 ordinaria-

10 2250 14 2266 Ι
59 2176 131 2232 tum
153 2169 378 2232 formaverunt.
401 2174 500 2251 Acta,
523 2192 603 2252 quae
625 2171 735 2233 hocin
752 2173 867 2233 marito
890 2173 928 2261 iu
940 2173 1088 2234 Dloeccsi
1106 2172 1191 2234 Neo·

61 2273 199 2338 soliensi
222 2277 439 2356 intervenere,
461 2279 495 2339 in
516 2278 654 2340 historia
676 2278 895 2354 recentissima
917 2278 1087 2340 mixtorum
1113 2297 1191 2343 con-

60 2382 222 2462 iugiorum
253 2382 490 2461 memorabilem
519 2381 627 2446 locum
656 2383 777 2462 optimo
816 2385 886 2445 iure
915 2384 979 2446 sibi
1008 2383 1191 2468 vindicant,

59 2507 133 2549 cum
156 2507 216 2569 pro
238 2485 406 2567 praeclaro
429 2489 620 2551 Curatorum
640 2487 712 2550 nelo
735 2490 860 2569 insigne
883 2491 1055 2571 praebcant
1091 2488 1191 2550 docu-

60 2599 213 2655 mentum.
235 2593 374 2656 Primam
397 2595 615 2673 quaestionem
637 2601 814 2675 posuerunt
845 2593 984 2656 Parochi
1015 2593 1190 2656 districtus

60 2695 345 2778 Libetlsddnpenais
368 2719 384 2760 e
407 2700 664 2780 congregatione
688 2719 744 2761 rua
767 2698 823 2760 dd.
855 2703 885 2761 8.
908 2699 987 2762 Nou.
1021 2702 1114 2761 1888.
1137 2716 1190 2760 rc·
1223 2706 1227 2723 ’

20 2782 25 2801 ’
59 2804 316 2886 praesentandor
345 2806 467 2888 praxim
495 2804 676 2887 promiscue
706 2803 915 2866 benedicendi
944 2809 1037 2866 matr.
1071 2805 1187 2882 mixta,

62 2910 189 2972 etiamsi
210 2908 299 2972 nulla
321 2913 427 2972 cautio
450 2931 487 2973 ac
510 2912 641 2992 sponsio
673 2891 713 2972 de
742 2907 888 2992 prolibus
919 2906 1077 2971 catholice
1110 2908 1190 2972 edu-

61 3015 174 3079 candis
196 3017 425 3098 praecesserit,
447 3022 515 3078 tum
535 3017 569 3078 in
591 3017 706 3096 dogma
728 3013 895 3078 Ecclesiae
918 3015 958 3076 de
980 3034 1042 3076 una
1070 3035 1107 3077 ac
1134 3034 1189 3078 so·

59 3119 93 3184 la
118 3118 281 3201 salvifica,
304 3128 370 3182 tum
399 3122 432 3183 in
462 3128 675 3203 pervetustam
705 3120 908 3203 disciplinam
941 3119 1123 3210 offendere,
1151 3139 1189 3183 ac

59 3226 198 3309 proinde
221 3225 392 3307 optandum
414 3246 501 3307 csse,
526 3233 563 3289 ut
585 3248 647 3309 quo
671 3247 769 3308 ocyus
793 3228 982 3288 auctoritate
1000 3225 1189 3307 Ordinaria-

60 3338 115 3394 tus
138 3330 344 3412 disponatur,
368 3332 408 3393 ne
432 3334 544 3395 curati
565 3335 685 3414 absque
717 3330 849 3413 speciali
881 3331 1024 3393 eiusdem
1055 3328 1189 3395 licentia
1267 3342 1269 3349 ⁴

60 3438 176 3500 mixtas
199 3438 345 3517 nuptias,
367 3439 400 3498 in
424 3439 539 3518 quibus
561 3436 684 3501 cautela
711 3437 798 3500 nulla
830 3437 870 3498 dc
900 3434 1039 3518 prolium
1071 3436 1189 3499 educa·

60 3543 151 3605 tione
173 3541 332 3604 catholica
353 3543 543 3622 intervenit,
564 3543 753 3606 benedicere
774 3536 979 3625 praesumant
1005 3535 1099 3614 1041).
1122 3540 1188 3605 Vc·
1219 3533 1222 3535 ⁸

30 3719 39 3730 χ
63 3667 135 3719 rum
158 3667 228 3709 cum
251 3646 292 3709 ad
313 3649 449 3729 positam
470 3667 528 3729 per
549 3648 712 3711 Parachos
736 3648 965 3736 quaestionem,
983 3665 1019 3707 ea
1048 3644 1103 3706 dd.
1134 3649 1186 3709 3⁰.

10 3802 27 3823 .
62 3752 143 3815 Nor.
168 3757 260 3816 1838.
283 3758 444 3815 emanaret
464 3737 625 3835 Resolutr'o
649 3756 864 3833 Episcopolts,
893 3758 954 3831 „ut
984 3769 1061 3811 usus
1091 3749 1188 3812 remi·

62 3855 218 3920 secularis
240 3859 357 3921 virtute
395 3855 533 3921 Articuli
564 3865 616 3921 26.
647 3879 675 3921 a.
707 3852 820 3933 179⁰l1.
851 3854 1063 3937 benedicendi
1088 3861 1185 3927 ,matu

11 4040 15 4045 ⁵
61 3964 160 4026 mixta
182 3964 277 4026 etiam
303 3965 372 4026 sine
393 3965 550 4045 praestita
572 3963 612 4026 do
634 3961 780 4045 prolibus
811 3963 978 4044 utriusque
1008 3980 1102 4024 sexus
1133 3979 1186 4024 ca·
1222 4008 1225 4013 -

96 4157 199 4220 prodiit
215 4159 265 4206 sula
285 4156 379 4208 titulat
397 4157 493 4218 mones
510 4167 564 4207 oon
581 4155 684 4218 Beona
700 4156 756 4208 und
772 4156 820 4207 der
837 4142 951 4214 unctor
965 4125 1017 4204 don
1035 4151 1185 4205 Grcrtwar·

98 4249 170 4300 aar.
195 4250 302 4300 Altonc.
326 4244 416 4299 1⁸40.

132 4333 217 4404 1041)
236 4339 321 4393 Mon.
340 4339 404 4394 oua.
422 4351 485 4408 pag.
503 4336 564 4392 668.
