2798 4838
549 247 780 323 ..m-

113 392 154 457 ris
172 398 281 457 autem
297 391 463 476 optionem
478 412 498 457 a
512 390 695 456 Ministerio
711 390 930 474 propositam,
951 408 1066 474 nempe
1080 384 1224 455 0010011-

113 495 184 562 ulos
201 504 346 563 secretae
360 497 581 562 instructionis
592 503 624 560 et
633 496 860 561 Consentionis
878 495 1036 578 servandi,
1046 494 1096 559 vel
1109 515 1225 560 munus

113 603 286 683 tdicandi,
301 623 361 687 pro
375 605 492 667 merito
511 604 753 685 perstringunt,
776 601 1019 685 universamque
1035 601 1153 684 agendi
1169 622 1223 667 ra·

113 712 225 790 ionem,
244 728 338 791 quam
354 710 493 791 Regium
503 709 700 773 Guberninm
718 727 790 770 cum
799 696 1048 789 Archipraesule
1067 713 1225 793 tenuerat,

113 813 180 878 reiut
202 813 438 895 imprudentem
456 821 489 876 et
506 810 724 895 impudentem
746 815 905 895 castigant
913 816 930 892 ς’
948 810 989 876 de
1007 814 1225 877 Conventione

113 939 168 984 iero
192 940 231 984 ac
253 921 468 983 instructione
490 926 665 983 memorata
686 921 905 1006 profitentur,
936 938 1006 983 eam
1026 917 1148 1001 regulis
1170 939 1226 983 ea·

113 1027 220 1089 oonicis
244 1026 458 1104 contrariam,
486 1044 696 1107 magnumque
719 1044 791 1087 esse
819 1025 996 1105 impietatis
1027 1025 1225 1107 mysterium,

113 1151 198 1214 aquo
220 1138 391 1213 appareat,
425 1149 559 1210 quanam
591 1151 662 1193 cum
685 1131 871 1194 sinceritate
902 1136 935 1194 et
956 1129 1021 1193 tide
1044 1131 1140 1212 Regii
1160 1131 1226 1192 Bo·

113 1238 210 1300 nasici
233 1238 379 1300 Ministri
399 1235 528 1317 negotia
551 1232 791 1299 catholicorum
814 1235 1036 1301 tractaverint!
1057 1241 1224 1317 postremo

113 1345 245 1424 spiritum
266 1341 467 1405 fortitudinia
490 1347 584 1423 atque
605 1343 806 1405 constantiae
827 1338 1067 1425 Archipraesuli
1094 1360 1230 1424 precan-

114 1453 169 1536 tes,
197 1468 234 1512 se
255 1467 328 1510 curn
348 1445 407 1510 1110
430 1446 649 1511 indesinenter
671 1454 932 1529 perseveraturos
953 1443 1227 1528 pollicentur.⁶²⁰)

587 1617 624 1712 p,
652 1619 742 1692 148.

113 1756 452 1831 Asehieptseopsrs
478 1758 633 1817 ltroste
659 1758 794 1827 Retio
820 1757 945 1817 iussu
970 1755 1039 1815 die
1065 1757 1136 1818 w·
1152 1757 1232 1818 Ho-
1300 1845 1303 1852 Ι

113 1852 287 1922 senioris
308 1854 433 1909 sset.
450 1863 537 1909 usar
555 1849 863 1909 iurisdictionis
890 1850 1165 1923 prohibetur,
1187 1852 1232 1910 et

114 1946 225 2002 extro
241 1941 351 2002 times
377 1943 750 2003 ArehtdIoeeeseos
778 1941 971 2016 captivus
988 1940 1231 2004 obducitur·

201 2102 380 2184 Postquam
401 2103 553 2167 Minister
573 2101 690 2167 Cultus
712 2122 824 2167 omnes
851 2109 985 2168 conatus
1008 2122 1085 2167 suos
1113 2104 1148 2168 in
1169 2104 1232 2170 Ar-

113 2206 307 2291 eiaiepiscopo
330 2211 448 2273 Droste
479 2211 566 2273 circa
596 2230 665 2272 rem
691 2211 862 2273 mixtorum
882 2211 1158 2275 matrimoniorum
1187 2207 1230 2275 ad

114 2310 196 2378 011000
219 2316 408 2378 sententiam
431 2313 657 2399 perducendo,
685 2315 720 2378 in
747 2315 877 2379 irritum
906 2315 1065 2379 cecidisse
1093 2314 1231 2398 viderat,

115 2417 148 2483 de
166 2418 371 2503 capituli
394 2419 679 2484 Coloniensis
708 2417 866 2486 adiutrice
888 2440 988 2504 opera
1009 2428 1115 2485 autem
1139 2440 1233 2505 prae·

114 2525 155 2588 vie
175 2532 225 2590 sat
246 2532 350 2589 tutum
372 2546 409 2590 se
428 2524 615 2589 reddiderat
632 2523 715 2601 ⁶²¹)=
742 2532 977 2592 irestaocooeom
995 2529 1234 2608 Arcles'eps'ecops'

116 2634 822 2714 0009100100,Αο010101000000000000800000,
852 2643 885 2697 et
911 2643 1009 2698 encra
1035 2635 1116 2709 fines
1142 2636 1232 2695 etos·

116 2742 176 2800 deos
194 2743 437 2822 adductionem,
466 2734 554 2799 velut
574 2738 704 2799 unicum
725 2737 789 2799 iam
811 2735 971 2817 medium,
993 2738 1078 2818 Regi
1099 2754 1233 2818 sugges·

113 2843 168 2923 tit,
190 2864 255 2926 quo
279 2849 312 2906 et
332 2849 522 2927 usurpatae,
550 2844 661 2924 pronti
690 2841 838 2923 dicebat,
860 2843 1107 2925 archiepiscopi
1135 2841 1234 2905 iuris·

113 2945 239 3012 dictioni
268 2949 487 3013 hierarchicae
517 2948 630 3011 modus
660 2954 815 3029 ponatur,
858 2956 890 3010 et
924 2946 1052 3030 iegibus
1084 2946 1233 3022 civilibus

113 3055 212 3136 quoad
233 3056 332 3118 mixta
353 3057 531 3135 connubia,
553 3056 750 3137 praeprimis
768 3072 842 3117 vern
863 3053 1005 3118 famosae
1022 3055 1234 3118 Conventioni

113 3159 326 3241 derelinensi,
365 3162 553 3244 obsequium
591 3166 794 3243 procuretur.
832 3162 954 3224 Annuit
985 3161 1055 3224 Rex
1063 3181 1077 3236 a¹
1105 3166 1138 3223 et
1169 3180 1231 3245 ope

113 3265 233 3330 decreti
258 3271 308 3329 ld.
330 3266 409 3330 Nor.
433 3272 525 3330 1837.
555 3268 673 3347 signati
703 3267 956 3348 propositionem
977 3266 1154 3331 Ministerii
1181 3287 1235 3331 ra-

113 3372 260 3453 tiisabnit,
301 3373 407 3436 eiusne
438 3374 653 3437 executionem
684 3393 758 3436 mos
789 3372 1026 3457 suscipiendam
1060 3374 1234 3457 praecepit.

113 3495 359 3514 *a*

174 3582 244 3650 520)
270 3586 363 3638 Mon.
389 3585 452 3638 201.
480 3600 542 3652 pag.
568 3585 631 3637 277.
656 3612 693 3625 --
718 3586 836 3646 Affos'res
853 3587 886 3636 de
915 3586 1047 3652 coronae,
1079 3586 1180 3638 estates
1202 3585 1237 3639 da

142 3679 286 3743 stuperent
299 3677 396 3729 Pieres
412 3678 611 3737 sacrificasset.
628 3679 761 3729 Lneoos'n.
779 3675 870 3752 1838.
888 3690 947 3737 pap.
965 3673 1031 3728 101.

174 3766 243 3834 521)
262 3772 368 3821 Auctor
385 3762 447 3820 irari
470 3771 605 3833 superiori
628 3776 692 3820 nota
709 3770 849 3820 memorati
875 3771 974 3820 referte
997 3769 1131 3836 Regimen
1154 3782 1238 3833 opera

147 3861 300 3915 Consiliarii
318 3864 503 3924 Breppemeua
517 3863 628 3924 praevie
639 3859 792 3925 capitulum
806 3861 1031 3927 praeparavisse,
1049 3861 1149 3928 neiis,
1168 3875 1237 3924 quse

147 3957 275 4008 tiverssur
293 3956 539 4017 archiepiscopum
556 3955 676 4022 gerenda
694 3959 790 4017 erant,
808 3967 839 4003 se
858 3959 1016 4016 opponeret.
1034 3954 1065 4004 id
1080 3959 1169 4004 umen
1187 3968 1236 4006 ne·

151 4054 190 4110 pt
208 4044 366 4110 Capitulum
384 4049 412 4096 in
430 4047 533 4109 scripto
560 4044 700 4107 officioso,
720 4047 792 4106 quod
812 4047 863 4094 sub
880 4045 933 4095 hoe
959 4043 1037 4096 titulo
1057 4047 1160 4098 edidita
1178 4047 1239 4096 Das

151 4134 539 4198 deuopolttuo-Dom-Kapitel
555 4151 590 4187 zu
607 4139 678 4188 Kdlo
695 4139 725 4188 s‘o
741 4138 842 4188 crinem
867 4140 984 4200 iterate,
1003 4141 1068 4189 oder
1098 4138 1238 4189 Vertolteo

152 4227 283 4282 (1000011000
308 4233 365 4282 aad
384 4231 461 4282 seiae
488 4232 705 4290 Vertoadluopec
730 4228 780 4280 nsit
803 4230 864 4295 dece
889 4232 1007 4291 Apostol.
1032 4229 1127 4284 Stetit
1143 4229 1174 4282 is
1190 4231 1239 4282 der

153 4323 374 4390 cneocaesarea
391 4323 488 4378 800100.
505 4323 586 4378 lidio.
604 4319 694 4376 1838.
712 4335 773 4385 aas·
793 4319 820 4376 7.
930 4366 931 4370 ,
