2798 4838
576 230 804 304 ...145-

130 388 245 433 marum
268 377 434 434 curatores
457 391 496 434 eo
518 373 667 454 inviavit,
699 382 734 439 ut
760 378 1016 460 nupturientibus
1045 382 1161 447 minim
1191 405 1243 448 rc-

131 474 274 558 ligionis,
296 477 505 539 intentionem
527 477 691 544 Ecclesiae
714 481 899 547 Catholicae
922 484 1027 566 quoad
1048 487 1242 554 catholicam

85 586 88 611 ³
137 581 345 643 educationem
368 579 543 645 liberorum
563 587 689 666 praevie
719 588 752 648 in
774 594 843 650 tuto
867 588 1042 669 ponendam
1073 594 1157 655 serio
1189 614 1243 660 ex·

139 693 262 766 ponant,
292 686 335 749 ab
367 688 512 750 omnibus
545 694 649 752 tamen
678 676 860 754 indiscretio
892 698 947 756 aut
977 693 1070 776 piane
1091 700 1242 764 coactivis

141 791 236 852 ucdiis
259 790 376 853 sedulo
399 794 599 870 abstineant3
639 793 758 876 quodsi
781 797 892 877 sponsi
920 801 1038 863 monita
1066 800 1160 867 nihili
1183 802 1241 869 du-

101 884 104 889 *
141 897 233 970 condo,
245 896 426 960 conditioni
445 897 638 979 pracailatae
659 902 848 966 satisfacere
868 901 1009 987 nollent,
1037 905 1100 970 duo
1122 907 1243 974 diversi

142 1023 213 1064 casus
239 1022 405 1084 emergere
432 1010 598 1086 peierante
628 1002 679 1068 vel
706 1027 819 1089 nempe
849 1010 1115 1076 contrahebantur
1143 1015 1242 1080 mixta

141 1110 277 1171 cornubia
305 1110 340 1171 in
373 1109 413 1171 iis
435 1111 579 1191 partibus
607 1111 814 1194 hiogsmtiuae
845 1110 1024 1196 dioecesis,
1062 1117 1095 1181 in
1126 1120 1241 1201 quibus

141 1212 272 1295 religiosa
312 1212 450 1295 prolium
489 1215 635 1279 educatio
671 1236 731 1299 per
766 1215 855 1299 leges
886 1218 997 1284 civiles
1031 1221 1242 1293 determinata
1291 1227 1295 1239 '

141 1329 207 1398 erat,
234 1318 289 1382 rei
320 1320 353 1382 in
383 1318 503 1383 talibus
533 1318 636 1404 locis,
666 1323 835 1402 inquibus
866 1330 932 1389 tota
963 1326 1086 1392 dehoc
1112 1330 1240 1397 obiecto

141 1423 291 1506 dispositio
322 1427 455 1488 arbitrio
487 1443 678 1508 sponsorum
707 1426 770 1491 init
789 1426 912 1494 relicta.
955 1430 1171 1498 0rd1nariatui
1194 1437 1242 1500 vi·

143 1550 192 1592 ssn
217 1537 289 1610 est,
321 1527 424 1612 legem
456 1529 696 1594 determinatam
727 1530 826 1596 multo
856 1537 958 1616 magis
989 1534 1138 1604 idoneam
1168 1560 1241 1607 csse

146 1634 452 1718 sinanniliandam
481 1638 583 1719 partis
604 1634 782 1700 catholicae
811 1640 1056 1722 conscientiam,
1087 1661 1180 1724 quam
1209 1645 1240 1708 si

150 1747 197 1804 ists
211 1742 330 1805 decisio
352 1742 447 1803 huius
466 1743 589 1824 negotii
620 1741 762 1805 alibera
785 1763 974 1824 sponsorum
997 1743 1158 1813 voluntate
1180 1748 1238 1815 de·
1274 1815 1276 1820 ,

150 1847 273 1924 pudeam
316 1850 504 1929 praesertim
535 1867 609 1910 vero
645 1846 766 1928 placuit
797 1846 1014 1914 Ordiuariatui
1045 1853 1238 1936 Mogentino

145 1971 170 2014 ss
183 1948 259 2035 legis
287 1952 395 2016 civilis
418 1953 609 2034 dispositio,
646 1952 819 2015 secundum
847 1974 943 2034 quam
972 1977 1082 2023 amnes
1102 1957 1239 2024 liberie

141 2060 341 2127 nair.·mistis
371 2060 471 2140 geniti
500 2059 533 2120 in
562 2056 762 2120 consessione
791 2060 892 2140 patris
914 2060 1041 2129 inerant
1063 2062 1239 2147 educandi,

140 2170 187 2227 ius
201 2158 290 2246 quod
323 2165 447 2248 patriae
466 2164 637 2252 potestatis
658 2163 710 2225 ius
739 2183 798 2246 pro
821 2183 859 2228 ca
878 2173 1016 2246 pugnet,
1037 2174 1105 2232 tum
1128 2169 1238 2252 quod,

139 2264 193 2335 tun
219 2269 314 2353 pater
342 2277 392 2333 cst
420 2262 617 2349 catholicus,
646 2266 788 2350 alioquin
815 2268 905 2333 nulls
932 2269 1041 2353 proles
1070 2272 1239 2341 Ecclesiae

138 2368 305 2440 dslbolicae
327 2376 498 2458 eripiatur,
530 2372 604 2437 dum
625 2381 731 2438 antem
745 2382 854 2438 mater
873 2381 925 2439 est
955 2377 1134 2460 catholica,
1162 2399 1238 2464 spes

138 2496 243 2563 temper
262 2481 372 2562 adsit,
392 2482 485 2560 iore,
516 2487 552 2541 ut
571 2483 642 2562 ipsa
663 2500 815 2544 successu
845 2484 1000 2563 temporis
1022 2484 1239 2551 virnmsunm

138 2585 166 2650 ad
181 2587 409 2652 admittendam
439 2584 632 2660 catholicam
653 2585 870 2649 educationem
901 2595 1093 2667 permoveat.
1116 2621 1155 2637 ·-
1199 2592 1236 2657 ln

137 2686 198 2758 locis
215 2712 300 2777 pure
323 2690 510 2772 catholicis,
539 2693 710 2772 inquibus
741 2689 782 2753 de
804 2688 958 2771 religione
979 2691 1154 2757 liberorum
1182 2692 1238 2759 dl‹

137 2814 254 2880 iponere
275 2798 380 2862 libere
409 2802 559 2879 poterant
579 2797 708 2876 sponsi,
736 2797 770 2856 in
792 2794 902 2876 regula
923 2795 1148 2863 Ordinariatus
1177 2799 1237 2863 atl-

137 2920 225 2970 sessns
245 2910 341 2988 pacta
359 2923 435 2965 enm
456 2904 490 2964 in
512 2920 641 2964 sensum
661 2900 761 2981 inita,
789 2908 827 2962 nt
854 2919 927 2982 pars
958 2919 1021 2964 arna
1041 2900 1182 2983 prolium
1201 2906 1236 2971 in

136 3009 329 3076 douicssioue
359 3008 595 3071 Proiectantica
625 3004 795 3086 educetur,
810 3014 936 3071 'rocem
966 3026 1057 3071 suam
1084 3007 1236 3077 attollere

136 3111 202 3179 land
230 3115 423 3195 intermisit,
452 3112 679 3192 Parecbosque
708 3133 747 3174 eo
778 3112 963 3191 reflectere,
999 3120 1055 3192 ut,
1086 3123 1236 3196 quantum

135 3228 269 3301 pessunt,
291 3223 332 3282 ab
353 3217 499 3281 ineundis
521 3218 679 3279 eiusmodi
699 3217 802 3298 pactis
823 3224 945 3298 partem
967 3217 1161 3306 catholicam
1178 3221 1236 3288 de·

135 3323 301 3402 indentur,
334 3327 367 3387 in
395 3323 477 3387 locis
507 3330 644 3386 attamen
666 3323 795 3402 mixtis,
826 3323 859 3385 in
893 3325 1006 3404 quibus
1035 3327 1237 3393 matrimonio

136 3433 213 3496 nirta
234 3434 304 3495 sine
324 3407 430 3515 pactis
451 3427 614 3509 Religioni
635 3426 822 3490 (latlrolicae
844 3428 1085 3509 haudquaquam
1106 3432 1236 3494 conius-

137 3537 219 3602 nibus
240 3538 316 3600 iniri
337 3537 389 3598 vix
410 3539 580 3616 poterant,
603 3535 712 3595 mitius
735 3534 801 3612 egit
822 3531 1066 3613 Ordinariatns,
1097 3541 1130 3597 ct
1159 3533 1238 3599 talia

108 3664 115 3675 ·
140 3644 264 3725 coniugia
287 3640 433 3704 benedici
456 3658 582 3721 qnoque
603 3636 755 3716 indulsit,
776 3657 945 3716 numquam
967 3643 1072 3699 tamen
1094 3638 1128 3700 in
1149 3659 1239 3726 casu,

143 3763 185 3822 quo
203 3749 340 3810 omnium
361 3743 500 3828 prolium
530 3747 564 3807 in
593 3743 794 3806 confessione
826 3744 1058 3822 protestantica
1089 3742 1237 3810 educatio

145 3855 244 3924 troanie
264 3850 418 3937 stipulata
440 3850 573 3913 exstitit.

149 3967 362 3992 *anun——

91 4061 94 4069 ·
130 4008 132 4015 >
172 4043 209 4099 iti
222 4046 261 4096 dic
281 4046 311 4096 is
337 4047 395 4094 ders
419 4028 582 4105 cacoinbucte
607 4039 745 4098 Marmar,
771 4041 859 4097 susim
882 4040 1082 4102 &pandoram
1106 4040 1238 4101 ldrmtittc
1369 4088 1372 4097 .

173 4128 240 4185 bens
248 4135 409 4201 pauonem
420 4134 557 4186 Auamma
569 4133 625 4183 ssd
635 4131 837 4192 neormam.
856 4129 957 4181 Moira.
973 4127 1063 4184 iseo.
1077 4145 1104 4192 v·
1116 4126 1189 4188 814.
1205 4131 1236 4195 Ι.

160 4391 325 4470 Meosne,
339 4407 374 4459 dc
390 4400 629 4459 hasenrietani.
995 4389 1034 4449 lt)
1084 4410 1086 4414 ·
