2798 4838
476 242 478 248 “
566 257 798 329 -aae-
869 268 896 349 ‘.

37 432 42 459 -·
135 405 202 469 carl
223 409 391 501 procuret,
413 403 499 465 iacta
520 399 616 465 simul
638 401 713 463 ddo.
739 406 789 464 18.
810 404 891 482 Aug.
916 405 1007 464 1778.
1031 401 1073 465 ad
1082 356 1246 466 Ondsiliun

12 502 15 510 ’
133 510 311 594 itaq-Lea
333 527 489 590 supereo
511 509 796 585 monstratione,
826 512 863 569 ut
884 505 1076 571 Resersales
1105 510 1147 571 in·
1170 528 1247 590 prae-

132 615 287 678 iudicium
310 613 507 678 orthodoxae
529 612 710 700 Religionis
738 618 771 673 et
798 611 989 692 derogamen
1012 614 1138 694 Regiae
1160 616 1248 677 Reso-

5 792 7 796 Α
133 702 268 783 lotionis
285 740 344 802 pro
362 720 469 782 favore
484 718 670 780 lutheranae
688 718 798 779 matris
819 716 923 779 editae
948 727 1129 781 cassentur.
1145 719 1249 783 Verun

135 824 316 889 Consilium
327 826 529 905 Regiumper
551 826 730 886 lntimatum
747 823 802 885 dd.
817 828 868 885 28.
880 824 968 904 Sept.
994 830 1088 886 1778.
1105 825 1249 887 decrerit:

133 929 257 1013 prolem
278 933 320 992 in'
334 932 549 1010 quaestionem
571 936 736 995 attractam
767 948 838 989 eum
861 931 900 991 oh
922 929 1083 991 defectum
1108 931 1249 992 Reverea-

133 1034 213 1099 lium
236 1021 275 1098 de
297 1035 444 1117 prolibus
466 1037 630 1116 utriusque
660 1054 754 1096 serus
780 1033 941 1096 catholice
971 1034 1170 1115 educandis,
1197 1042 1250 1097 tun

78 1180 79 1183 =
135 1144 176 1204 oh
200 1143 349 1222 scriptam
372 1143 549 1204 cautionem
572 1141 690 1220 Sponsi
714 1139 753 1201 dc
776 1158 836 1217 co,
859 1147 895 1201 ut
916 1159 1009 1202 sexus
1026 1159 1143 1203 serum
1164 1143 1196 1202 in
1209 1160 1250 1202 re·

133 1245 256 1329 ligione
279 1255 447 1326 sequatur,
471 1248 563 1308 matri
584 1245 772 1308 lutheranae
804 1247 837 1306 in
867 1264 923 1307 sua
945 1245 1157 1309 confessione
1187 1245 1249 1308 edn-

49 1371 50 1380 ’
136 1352 270 1416 eandam
290 1354 435 1434 permitti
457 1351 584 1414 debere.
605 1345 668 1423 954)

618 1519 655 1615 §-
682 1437 767 1591 aaa.

8 1661 11 1664 ’
132 1626 419 1720 Memorabilis
436 1673 640 1719 recursus
668 1657 863 1729 Episcopi
877 1658 1192 1738 ΙΙιιιιιιιοιιίιιιιιΙι
1209 1660 1251 1734 ιι

133 1753 171 1810 Β.
193 1754 568 1823 congregationem
591 1742 766 1810 concilii
780 1764 910 1821 smper
924 1751 1066 1808 dubiis
1079 1753 1251 1810 moranni·

131 1843 188 1904 lis
206 1851 331 1904 matr.
348 1845 480 1901 mixta
503 1842 827 1914 respicientibus
852 1858 891 1900 ιι.
913 1845 1037 1900 1779.
1057 1848 1102 1901 et
1122 1849 1250 1902 obten-

393 1940 440 1994 to
456 1936 555 1993 inde
578 1934 801 1994 Resolutio
819 1950 858 1990 ιι.
880 1939 1004 1992 17811.

151 2125 153 2130 ·
235 2096 425 2180 Priusquam
448 2097 614 2178 Epocham
635 2097 770 2176 primam
791 2088 1040 2174 concludamus,
1063 2114 1129 2156 non
1151 2113 1249 2177 possu-

132 2205 204 2265 mus
233 2221 296 2265 non
328 2201 544 2265 memorabilis
582 2198 672 2263 illius
709 2220 858 2262 recursus
888 2201 1083 2262 mentionem
1114 2201 1249 2278 iniicere,

133 2298 227 2387 quam
266 2306 401 2371 celebris
439 2309 703 2375 Rasnaviensium
743 2304 876 2367 Praesul
909 2307 1127 2368 ‘Antonius
1160 2306 1194 2385 h.
1221 2305 1248 2366 ll.

132 2412 375 2495 Andriam,
408 2413 449 2474 ad
472 2405 646 2493 exemplum
669 2414 902 2493 Episcoporum
925 2410 1031 2491 Belgii
1060 2432 1145 2472 anno
1171 2414 1247 2474 173⁷.

132 2516 168 2580 in
190 2521 313 2581 obiecto
336 2520 506 2580 mixtorum
535 2520 670 2580 matrim.
703 2518 744 2579 ad
766 2517 880 2578 Scdem
904 2508 1127 2597 Apostolicam
1158 2535 1249 2578 recur-

131 2625 285 2704 rentium,
311 2644 407 2706 super
430 2609 535 2686 dubiis
560 2633 591 2686 et
613 2625 852 2704 quaestionibus
880 2621 1044 2684 nonnullis
1068 2625 1168 2684 mixta
1189 2641 1250 2684 con·

134 2731 229 2792 uubia
253 2732 498 2814 respicientibus
522 2729 575 2790 dd.
601 2736 652 2790 20.
675 2732 827 2792 Februar.
853 2734 943 2790 1779.
967 2728 1009 2789 ad
1030 2729 1165 2790 Sacram
1181 2729 1250 2790 Gon·

133 2835 351 2914 gregatiouem
375 2835 514 2897 Concilii
537 2837 669 2896 Romam
700 2837 798 2895 misit.
828 2835 863 2894 ln
896 2855 932 2894 eo
967 2833 1028 2893 duo
1061 2834 1251 2915 potissimum

134 2959 171 3001 ex
201 2942 298 3002 Sacra
327 2943 580 3021 Congregaticne
607 2930 769 3019 ¹tqrraesivit
804 2938 1066 3018 vigilantissimus
1103 2943 1251 3001 Antistes:

90 3101 92 3103 ,
134 3047 167 3116 a)
191 3045 268 3123 quid
290 3031 486 3108 censendunr’
504 3048 547 3108 sit
571 3046 610 3106 de
627 3048 668 3106 iis
688 3047 918 3124 matrimoniis,
937 3064 1017 3123 quae
1039 3047 1165 3126 absque
1184 3043 1252 3107 omni

134 3133 261 3228 quidem
291 3152 515 3230 impedimento
547 3152 733 3224 dirimente,
770 3149 828 3211 sed
867 3157 972 3211 tamen
1001 3171 1065 3217 non
1102 3153 1253 3212 observata

103 3298 105 3309 .
133 3251 205 3332 lege
228 3255 264 3316 0.
287 3254 469 3317 Tridentini
492 3278 596 3319 coram
619 3259 764 3318 ministro
787 3257 947 3317 haeretico
979 3263 1045 3317 tam
1076 3259 1120 3318 ah
1152 3257 1250 3317 haere·

133 3359 207 3434 ticls
229 3360 313 3420 inter
335 3379 387 3436 se,
411 3381 520 3440 quam,
552 3364 605 3424 ubi
636 3363 888 3425 contrahentium
920 3382 994 3442 pars
1027 3361 1188 3424 alterutra
1214 3365 1251 3422 cst

133 3463 310 3549 catholica,
332 3466 503 3529 ineuntur?
534 3471 568 3541 h)
593 3468 669 3549 quid
703 3467 903 3531 statuendum
928 3466 967 3527 de
997 3469 1166 3548 coniugiis
1197 3482 1251 3528 cum

131 3569 355 3665 impedimento
380 3571 559 3652 dirimente,
582 3583 645 3636 tam
670 3575 723 3634 uhi
745 3563 898 3653 utraque,
932 3593 1026 3654 quam
1060 3572 1142 3634 dum
1173 3573 1251 3636 alter·

133 3683 203 3739 utra
225 3679 477 3740 conuehentium
509 3700 584 3760 pars
617 3687 734 3741 sectam
763 3680 931 3759 profitetur
962 3678 1184 3759 haereticam,
1211 3697 1250 3739 co·

133 3782 372 3880 ramfl’arocho
404 3783 570 3846 Catholico
600 3792 655 3846 aut
683 3765 829 3845 ministro
868 3785 1032 3845 haeretico
1067 3760 1251 3847 celebratis!

14 3882 21 3893 ’
133 3884 169 3946 ln
191 3874 424 3981 specielautem
446 3897 614 3970 sequentes
638 3890 741 3951 adhuc
764 3888 874 3969 pos'uit
906 3888 1010 3950 cidem
1035 3890 1161 3954 Sacrae
1183 3892 1252 3952 Gon·

133 3991 312 4070 gregariam
333 3993 374 4054 ad
396 3994 606 4058 decidendum
629 3996 850 4076 quaestiones:
876 4000 904 4054 1.
928 3995 977 4055 An
1002 3993 1251 4058 matrimoniale

133 4094 295 4176 Hungaria
315 4118 378 4161 non
400 4107 522 4163 servata
552 4100 624 4181 lege
647 4100 835 4163 Tridentino
865 4120 973 4161 coram
1007 4102 1177 4166 haeretico
1204 4098 1250 4163 nol·

223 4196 227 4239 i

139 4241 384 4262 ,ιι-..η

202 4307 267 4372 aar)
286 4315 391 4364 Proice.
413 4313 524 4363 Constat.
543 4315 737 4364 Roeuooieusir
757 4293 790 4364 de
809 4328 851 4362 on.
876 4308 966 4364 1778.
