2798 4838
570 242 797 315 ..127-

151 383 377 447 inmitationem
400 384 555 467 Episcopi
578 391 612 448 ct
633 385 770 447 Parocbi
790 404 853 447 nnn
876 386 979 449 minos
1001 403 1098 466 quam.
1124 384 1242 468 reliqui

146 489 213 552 tite·
233 492 292 552 sub
314 489 472 571 religione
494 490 704 554 iurisiurandi
725 497 910 571 acceptare,
940 493 1032 571 eique
1053 489 1241 561 fidelitatem

140 612 207 657 nam
227 592 378 674 polliceri
402 601 602 658 tenerentur:
632 617 697 660 non
726 598 856 678 exiguae
880 595 1088 660 difficultates
1110 599 1143 661 in
1164 617 1241 678 pra·

85 724 88 745 ι
136 699 277 778 dquoad
298 703 514 780 matrimonia,
533 707 600 763 'tam
623 722 704 783 quae
728 701 934 764 acatholicis
962 704 1048 764 inter
1069 723 1124 781 se,
1147 723 1242 784 quam

135 823 197 883 aare
217 807 257 867 ab
280 805 350 867 illis
373 826 444 868 cum
466 808 722 869 Protestantibus
745 809 889 869 contrahi
920 808 1072 888 contigit,
1104 810 1145 870 ob
1174 827 1241 870 me·

127 916 273 994 „nonatum
298 911 461 973 decretum
494 919 583 975 ortae
605 913 753 997 fuerunt,
774 914 923 994 inprimis
954 913 1060 991 quoad
1082 914 1242 994 quaestio·

131 1035 206 1076 nen:
227 1035 273 1076 an
295 1036 335 1078 ca
355 1023 463 1078 naida
483 1023 628 1080 habendo
648 1024 732 1097 nat,
761 1038 843 1097 qaae
871 1037 979 1080 carana
999 1023 1152 1080 Paracata
1179 1037 1243 1080 nn·

130 1141 176 1182 eac
194 1128 416 1185 comtitatiani
435 1127 531 1199 fineen
552 1143 645 1186 anam
666 1129 942 1203 obatrinpcatibaa,
963 1129 1242 1204 stationariae,

130 1231 168 1288 act
184 1232 279 1290 eham
289 1233 358 1290 aine
377 1234 557 1306 praesentia
564 1234 815 1307 pnocbicorans
836 1235 902 1291 anta
915 1231 1052 1306 Officiati
1067 1234 1153 1292 civiti
1162 1234 1243 1292 inita

130 1346 219 1417 merit
234 1331 326 1406 ²²⁰>i
359 1334 451 1415 Quod
475 1354 513 1397 er
534 1336 707 1397 innumeris
737 1335 804 1397 fere
829 1335 1044 1398 decisionibus
1075 1335 1244 1416 adnuae-

131 1440 251 1503 stionem
274 1440 359 1501 hanc
389 1438 531 1518 aliasque
562 1443 621 1502 sub
644 1440 836 1502 Pontificatu
867 1440 936 1503 Pii
958 1440 1012 1504 Vl.
1037 1434 1131 1503 editis
1152 1437 1243 1522 ²²¹),

130 1544 192 1609 ten
212 1566 250 1608 cx
271 1545 539 1607 instructionibus
562 1547 796 1627 Episcoporum
819 1542 944 1607 Galliae
965 1532 1106 1608 Londini
1124 1536 1243 1626 degen-

134 1652 202 1713 dum
226 1653 259 1713 in
292 1649 395 1712 lucem
426 1650 587 1733 publicam
617 1651 764 1712 exmissis
783 1646 984 1730 ²²²)‚circa
1013 1648 1244 1714 resolutionem

141 1756 316 1836 quaestionis
341 1776 438 1838 supra
458 1759 583 1839 positae
598 1755 719 1818 adferri
740 1761 867 1837 potesta
895 1755 930 1817 id
950 1775 1040 1827 omne
1056 1757 1118 1817 huc
1138 1756 1243 1845 redita

143 1867 164 1923 l.
189 1861 293 1942 &aad
321 1864 519 1922 matrimonia
542 1883 648 1924 coram
671 1860 838 1925 sacerdote
861 1852 1023 1923 schismati
1051 1860 1245 1943 adhaerente

139 1966 217 2047 inita,
238 1968 266 2030 si
289 1965 366 2029 talis
389 1966 540 2030 sacerdos
571 1968 724 2031 duntaxat
751 1967 893 2029 intrusus
924 1966 1007 2046 tuit,
1037 1960 1079 2049 id¹
1103 1976 1244 2050 est,au-

86 2122 89 2127 ,
137 2072 314 2148 mantem,
353 2093 447 2153 quam
475 2093 539 2135 non
568 2073 696 2152 habuit,
728 2094 767 2136 er
795 2062 1029 2161 constitutione
1043 2072 1129 2137 civili
1150 2095 1244 2141 usur·

85 2250 88 2257 Ι
137 2178 223 2258 parit,
245 2177 337 2240 illius
359 2180 540 2260 praesentia
561 2177 682 2241 nuliam
705 2176 767 2241 vim
789 2181 932 2261 potuisse
951 2181 1151 2243 matrimonio
1167 2200 1243 2263 con·

85 2264 89 2303 ¹*
140 2282 215 2365 ferri,
237 2282 366 2364 taleque
389 2285 596 2367 connubium,
626 2286 655 2347 si
684 2285 844 2366 parochus
865 2276 1013 2368 proprius
1044 2276 1155 2349 accedi
1186 2305 1245 2366 po.-

94 2388 97 2393 ’
140 2374 202 2471 tuit,
221 2391 351 2455 irritum
372 2386 493 2465 fuisse,⁴
517 2392 546 2451 si
568 2397 673 2452 autem
696 2389 847 2452 sacerdos
871 2393 1080 2454 iuramentum
1111 2374 1246 2455 civicum

143 2512 217 2578 super
237 2495 564 2562 nnvaconstituttone
587 2494 713 2575 elicuit,
736 2497 947 2576 praesentiam
963 2496 1053 2560 illius
1071 2497 1159 2561 velut
1172 2492 1245 2561 'ian

145 2608 213 2663 autea
234 2596 424 2671 auctoritate
445 2600 584 2683 praediti
605 2601 646 2663 ad
675 2601 814 2663 valorem
843 2603 983 2684 coniugii
1005 2601 1180 2677 stiffecisse.
1212 2608 1244 2665 2.

147 2703 325 2773 Matrimonia
349 2709 416 2768 sine
439 2708 619 2786 praesentia
643 2707 819 2769 sacerdotis
843 2706 1020 2784 celebrata,
1044 2707 1074 2767 si
1095 2726 1244 2768 recursus

148 2809 175 2872 ad
190 2833 255 2876 eum
276 2810 444 2898 possibilis
467 2811 550 2890 fuit,
573 2809 711 2874 invalida
735 2812 915 2889 exstitisse,
940 2831 1032 2873 secus
1050 2809 1162 2874 valida.
1180 2807 1243 2884 ²²⁸)

151 2916 237 2994 Quoad
258 2919 478 3000 quaestionem
502 2937 598 2998 porro
624 2938 691 2978 eam
708 2904 946 2996 Parachorum,
969 2915 1045 3005 quid
1067 2896 1244 2999 agendum,

151 3021 286 3105 ribdelcs
309 3025 547 3087 matrimonium
567 3025 649 3084 inire
671 3021 813 3084 volentes
837 3021 1053 3101 coramGivili
1072 3022 1245 3105 Magistra-

85 3175 89 3203 ,
153 3129 213 3191 hin
233 3151 313 3193 nexu
346 3108 466 3190 decreti
490 3130 671 3190 Conventus
693 3126 873 3191 Nationalis
905 3148 939 3189 se
970 3129 1082 3190 sistere
1113 3129 1245 3190 iubean-

152 3233 201 3296 iui
220 3237 320 3298 Pius
343 3235 404 3298 Vt.
429 3233 514 3295 idem
536 3256 668 3316 prorsus
693 3232 842 3307 resolvit,
866 3234 951 3317 quod
973 3226 1218 3297 Benedic'tu

152 3331 217 3411 ΚΝ.
237 3361 298 3425 pro
321 3339 493 3402 Hellandia
513 3335 599 3420 224),
629 3342 777 3402 nimirum
808 3361 871 3402 non
904 3360 974 3402 csse
997 3320 1244 3423 impedimento,

152 3437 369 3463 Ν-ρ-ι--ι

194 3489 257 3556 220)
277 3493 319 3541 Dc
338 3493 387 3540 bac
415 3490 572 3550 quaestione
600 3491 633 3538 ai.
656 3491 735 3538 Errat
759 3492 794 3553 dc
809 3493 911 3540 morale
929 3488 946 3538 ὰ
965 3491 1064 3551 tarano
1081 3491 1116 3541 dc
1133 3490 1246 3550 inpiae

167 3592 211 3632 ton
228 3579 416 3642 asrermente'e‚
434 3596 482 3640 aar
500 3582 538 3630 M.
557 3583 650 3630 Bracht.
669 3578 753 3630 1792.

194 3671 258 3738 221)
278 3676 336 3724 Eae
361 3671 492 3722 collectae
518 3671 691 3721 inveniuntur
716 3674 743 3721 in
770 3685 865 3734 opere:
891 3671 1035 3721 Collectian
1056 3666 1180 3732 'intrate
1198 3673 1245 3722 dcc

161 3763 237 3825 Baete
255 3773 282 3816 ct
298 3766 471 3815 Instracaonr
497 3765 530 3812 de
547 3765 581 3813 N.
600 3764 630 3814 S.
649 3767 680 3813 Ρ.
698 3766 724 3813 ie
740 3777 809 3822 pane
826 3765 876 3812 Pie
898 3764 944 3814 VI.
962 3763 1066 3822 retatifr
1084 3760 1102 3812 d
1119 3767 1147 3814 la
1168 3759 1245 3814 rive·
1322 3799 1323 3802 κ

160 3853 241 3908 khan
257 3858 409 3919 franchise,
427 3871 477 3913 aar
497 3855 612 3905 Gaitlon.
632 3852 659 3904 2.
683 3857 738 3905 Vnt.

85 3954 87 3959 '
198 3945 262 4013 222)
280 3951 343 3999 vid.
369 3949 503 4007 Arretina,
530 3948 589 3997 nair
607 3955 768 3998 concernunt
791 3945 934 3998 tenaciae
958 3948 993 3996 da
1010 3947 1084 3997 saint
1109 3944 1245 3998 miniatire

157 4038 227 4090 dona
243 4046 283 4092 les
302 4042 493 4091 circonstanciis
510 4035 651 4096 prirenter.
672 4041 723 4089 nit.
743 4036 772 4089 6.

200 4130 261 4196 aaa)
279 4134 342 4182 vid.
371 4131 512 4196 Carrtere,
535 4133 731 4184 Praetectionca
758 4132 926 4192 theutonicae.
950 4133 993 4183 De
1016 4131 1196 4184 Matrimonia.
1216 4135 1245 4183 Τ.

157 4212 198 4269 2·
212 4235 233 4277 a.
249 4220 418 4274 aas-an
1124 4237 1125 4241 =

205 4310 263 4378 iii)
282 4317 316 4367 ci.
334 4310 359 4381 d.
377 4313 421 4369 ta.
