2798 4838
592 240 823 318 ...253-

144 389 199 452 dd.
223 394 274 452 16.
292 382 397 474 April.
423 391 515 452 1896.
547 388 685 471 primum
708 375 907 452 exlstentlam
929 389 1158 455 lusnuctionis
1180 389 1273 472 'ple-

141 493 310 579 gelimae,
343 495 545 576 'praetensive
582 493 625 556 ad
658 494 840 577 Episcopos
869 494 1039 577 dimissae,
1076 495 1273 579 simpliciter

141 599 309 682 negando,
339 606 407 663 tum
435 599 473 662 id
504 598 676 681 ostendere
707 599 900 663 adnitendor
937 620 1008 664 earu
1034 621 1096 664 nec
1123 605 1270 684 potuisse

140 706 345 787 concinnari,
378 712 411 770 et
436 703 562 768 nullum
591 705 625 766 in
655 724 764 768 casum
791 705 946 769 adversus
977 707 1180 771 eunomium
1208 709 1269 773 lle·

138 810 229 895 'glum
251 812 469 893 exceptionem
495 811 579 873 iuste
602 809 754 891 formari,
785 829 856 874 cnm
876 813 1267 894 Rexinterpretationem

141 918 423 997 executionemque
445 917 556 980 Brevis
578 916 714 980 arbitrio
745 922 777 979 et
797 917 1012 981 conscientiae
1032 919 1265 1002 Episcoporum

140 1020 294 1087 detulerit
310 1017 388 1096 ⁴⁹⁸).
420 1019 590 1104 Singulare
619 1042 696 1086 sane
724 1027 794 1086 esta
825 1024 1011 1086 Ministrum
1032 1025 1186 1109 Bunsen,
1215 1026 1263 1106 qui

137 1129 330 1213 praecipuus
352 1127 580 1190 Gonventionis
609 1133 642 1190 et
662 1128 886 1204 [astructionis
907 1127 1129 1193 Berollnensis
1158 1137 1262 1194 auctor

139 1240 343 1318 promotorve
365 1232 448 1312 fuit,
477 1233 678 1298 existentiam
700 1235 924 1300 instructionis
946 1232 1172 1319 Spiegelianae
1193 1237 1258 1302 slrn·

40 1420 45 1425 .
138 1339 269 1425 pliciter
289 1359 408 1421 negare
429 1339 595 1420 potuisse!

623 1509 660 1604 s.
689 1509 776 1582 ιιι.

134 1647 332 1723 Episcopi
357 1648 523 1708 ultimis
556 1648 661 1708 anni
690 1652 813 1708 182⁰.
847 1648 1068 1711 meminus
1090 1652 1257 1712 relatis·

133 1758 234 1803 rrcns
252 1744 305 1800 ric
322 1739 568 1801 executione
595 1739 821 1806 literar-um
845 1743 1187 1816 Apostolicorum
1202 1744 1259 1804 rit

114 1837 246 1895 ull.
284 1833 380 1906 Sosii
413 1831 681 1905 apostolicos
715 1838 953 1908 praestent.
979 1837 1033 1894 Irr
1058 1830 1257 1896 relations

21 1971 23 1974 ⁴
43 1969 46 1974 -
134 1924 429 1988 concinnens·
445 1924 737 1985 Minister-ium
755 1926 937 1997 Regium
952 1927 1256 2004 maximoper-

577 2021 644 2077 tes
662 2017 826 2087 habult.

196 2247 197 2252 ¹
237 2224 362 2286 interea
383 2220 539 2304 Episcopi
559 2221 746 2284 Provinciae
769 2218 974 2285 Coloniensis
994 2241 1053 2307 per
1073 2225 1182 2305 ipsum
1201 2225 1255 2287 lie·

87 2391 99 2399 ,
135 2331 242 2411 gimen
269 2327 456 2409 provocati,
486 2322 662 2392 relationes
692 2347 767 2390 suas
791 2347 903 2409 ,super
933 2329 1120 2404 executione
1158 2330 1255 2393 Brevis

134 2436 188 2497 Pii
200 2435 285 2499 Vlll.
308 2434 437 2497 Summo
460 2432 614 2494 Pontifici
636 2433 794 2514 Gregorio
816 2432 901 2497 xvi.
929 2432 1146 2499 adornaruntr
1187 2435 1256 2517 Epi·

133 2561 253 2623 scopus
277 2539 406 2622 quidem
425 2541 687 2601 Monosters'ensis
707 2536 760 2600 dd.
786 2543 836 2600 lt.
860 2537 949 2620 Sept.
973 2544 1066 2605 1896.
1087 2572 1128 2586 ·-
1152 2541 1255 2605 Archi-

138 2650 309 2731 episcopus
326 2648 520 2708 Uoltiniensis
541 2639 745 2706 Clemens
767 2645 987 2725 Augustus
1009 2645 1047 2708 L.
1069 2642 1106 2709 Β.
1129 2668 1148 2709 a
1170 2649 1256 2710 liro·

43 2812 49 2822 ,
133 2745 520 2830 ste-Vischering,
552 2751 606 2828 qui
638 2750 757 2811 comiti
786 2748 919 2832 Spicgel
945 2751 1069 2813 interea
1098 2751 1185 2815 diem
1210 2772 1257 2814 su·

133 2877 280 2943 promum
312 2855 444 2918 obeunti
476 2859 697 2934 successerat,
730 2853 785 2917 dd.
808 2860 860 2917 23.
883 2855 973 2938 Sept.
997 2861 1090 2920 1836.
1116 2889 1156 2902 -
1185 2857 1256 2938 Epi-

134 2985 252 3045 scopus
285 2964 482 3024 trevirensis
511 2958 564 3021 dd.
590 2966 619 3022 1.
639 2960 771 3021 Octobr.
796 2965 888 3025 1896.
913 2994 951 3006 ·-
982 2963 1168 3044 Episcopus
1195 2969 1258 3025 tan·

133 3069 207 3133 dem
228 3069 500 3130 Puderlrorrsensis
523 3064 577 3126 dd.
604 3069 654 3127 10.
678 3065 810 3128 Octobr.
836 3049 995 3142 1836.4⁹⁹>
1025 3069 1113 3131 luter
1134 3067 1257 3134 relatio·

26 3164 27 3167 ¹
130 3195 188 3238 nes
211 3174 448 3255 Episcoporum
471 3171 671 3233 horumnou
695 3173 809 3251 exigua
831 3173 956 3235 videtur
976 3167 1179 3238 intercedere
1200 3174 1256 3237 dil·

131 3280 280 3343 t'erentia.
312 3277 393 3340 Nam
424 3274 499 3337 dum
521 3276 793 3367 Archiepiscopus
817 3276 1020 3341 coloniensis
1052 3282 1146 3343 unice
1176 3297 1255 3345 suam

131 3385 172 3449 de
195 3391 327 3467 accepto
350 3382 445 3445 Brevi
468 3379 521 3443 Pii
543 3381 627 3445 Vlll.
649 3402 686 3444 ac
708 3383 766 3464 per
787 3383 823 3445 id
844 3382 979 3447 sublatis
1002 3385 1152 3449 dissidiis
1173 3383 1253 3450 Reli·

128 3492 218 3576 gioni
240 3487 430 3554 Catholicae
462 3488 569 3551 noxiis
601 3489 778 3568 gratiarum
808 3490 965 3552 actionem
996 3491 1075 3554 Sedi
1096 3471 1252 3575 Apostoll-

131 3620 188 3663 cae
219 3601 436 3675 contestatur,
470 3612 621 3672 suamque
654 3613 783 3674 operam
814 3593 1005 3676 pollicetur,
1037 3602 1074 3659 ut
1103 3596 1250 3660 mandatis

129 3701 318 3788 apostolicis
340 3701 402 3763 rite
418 3701 577 3763 satisfiatc
602 3697 720 3780 reliqui
736 3701 894 3780 Episcopi
916 3702 984 3763 suis
999 3704 1032 3763 in
1049 3702 1157 3767 literis
1174 3706 1247 3786 ipsas

131 3807 409 3885 circumstantias,
432 3807 492 3868 sub
515 3805 629 3884 quibus
652 3806 753 3868 Breve
776 3804 998 3888 Apostolicum
1028 3811 1182 3888 parochis
1200 3826 1253 3890 pu·

129 3914 285 3980 blioatum
306 3911 432 3990 fuerat,
452 3912 583 3973 uberius
608 3918 788 3991 exponunt:
817 3931 915 3992 porro
944 3920 1097 3992 respectu
1126 3917 1248 3979 circum·

131 4017 293 4087 stantialis
315 4014 502 4079 huiusmodi
530 4014 699 4080 relationis
727 4035 838 4081 rursus
865 4020 951 4081 inter
971 4018 1156 4103 Epistulam
1180 4016 1264 4100 Epi-

202 4207 601 4274 scemurense-121.
691 4181 693 4184 ’

199 4298 374 4367 199)111(ιιι.
398 4300 458 4353 199.
478 4300 537 4352 196.
557 4299 617 4353 191.
638 4299 701 4354 196.
720 4315 783 4368 pag.
801 4300 956 4356 soe-266.
