2798 4838
153 393 470 474 etCoogregatiouum
501 397 673 457 sententias
697 414 793 475 cuper
813 391 983 456 antedictis
1006 395 1243 475 quaestiouibus

153 521 200 562 ron
224 519 340 580 semper
370 500 564 577 uniformes,
598 499 864 581 particularisque
891 498 1016 561 decreta
1039 507 1172 580 propter
1193 499 1242 561 di·

152 607 306 667 venitatem
327 606 653 682 circumstantiarum,
685 624 765 685 quae
794 606 828 666 in
856 625 918 666 uua
941 604 1018 667 iacti
1039 607 1145 685 specie
1167 604 1241 669 ade-

153 718 222 789 rant,
240 711 279 783 tin
309 709 374 772 alia
403 709 685 786 desiderabantur,
716 712 799 772 inter
824 731 859 772 se
881 708 966 773 baud
988 729 1112 791 semper
1132 729 1243 772 courc-

152 817 260 894 denua,
288 834 327 877 ac
355 815 490 897 proinde
518 818 581 878 iam
616 836 674 899 pro
704 814 867 888 nullitate,
897 817 961 878 iam
990 835 1050 898 pro
1081 813 1244 878 validitate

153 920 283 984 eiusmodi
304 923 578 983 matrimoniorum
602 924 841 1002 pronunciatum
862 921 974 984 iudane.
1013 920 1112 984 Cuius
1140 920 1245 982 diver·

154 1028 233 1089 citatis
260 1025 320 1088 illa
352 1047 477 1107 quoque
509 1029 615 1106 potuit
644 1047 715 1089 esse
740 1047 854 1103 causa,
884 1026 970 1108 quod
996 1047 1058 1088 non
1081 1043 1189 1087 omnes
1210 1025 1243 1086 iu

153 1152 179 1193 er
195 1133 408 1209 convenerint,
430 1152 469 1193 an
492 1131 618 1194 decreta
640 1130 886 1194 matrimonialia
905 1131 1041 1194 concilii
1063 1129 1245 1193 Tridentini

153 1237 344 1298 Protestantes
378 1236 538 1318 obligenta
571 1234 664 1299 molti
693 1245 858 1319 praeterea
885 1239 1040 1299 rationem
1062 1241 1244 1298 contractus

157 1343 367 1404 aSacramento
399 1341 595 1420 separando,
623 1343 822 1404 matrimonia
854 1343 1101 1406 Protestantiom
1123 1348 1244 1403 tantum

159 1449 193 1509 vti
206 1454 396 1526 contractus,
421 1455 454 1510 et
475 1469 536 1529 qua
557 1447 637 1511 tales
659 1446 781 1512 validos
803 1451 1023 1528 spectaverint.

633 1616 669 1712 §-
698 1619 732 1689 r.

168 1755 390 1828 munte·
398 1757 730 1815 rutente-ctum
739 1753 1132 1814 contrectationum
1144 1767 1245 1826 quc·

167 1849 247 1905 ruse
257 1849 301 1908 Ιιι
318 1848 491 1919 negoti·
502 1848 730 1907 mixtorum
745 1847 937 1914 snutraim
958 1846 1147 1905 comitiis
1165 1849 1246 1905 Ιιιι-

499 1941 609 2013 perti
626 1940 881 2013 propositae.

229 2076 305 2141 l'ost
336 2077 516 2142 concilium
538 2077 760 2142 Tridentinum
777 2081 810 2141 in
828 2081 972 2142 omuibus
995 2077 1064 2139 iere
1086 2078 1246 2155 (inmittit,
1380 2152 1384 2163 ἱ

152 2197 211 2261 qvae
228 2203 324 2249 caum
344 2184 635 2264 componendorum
674 2185 880 2246 dissidiorum
909 2181 1075 2264 religionis
1109 2184 1143 2245 ln
1164 2184 1246 2247 (ler-

147 2289 230 2351 nania
251 2288 514 2373 celebrabantur,
542 2291 761 2353 Protestantes
784 2290 935 2353 adversus
958 2287 1146 2352 Catholicos
1168 2309 1246 2370 que-

145 2391 330 2477 mlabantur,
362 2395 526 2477 complura
558 2398 620 2458 sibi
646 2415 703 2478 per
731 2398 791 2458 hos
821 2402 885 2457 tam
917 2394 1021 2476 quoad
1046 2395 1246 2457 matrimonia

142 2500 242 2580 mixta,
272 2513 383 2580 qvvam'
399 2506 431 2562 et
460 2498 538 2577 illa,
573 2522 652 2582 quae
682 2504 902 2564 Protestautes
932 2502 1016 2563 iuter
1046 2519 1081 2562 se
1111 2501 1245 2563 invicem

140 2603 251 2684 beent,
273 2607 353 2687 poni
377 2606 616 2688 impedimenta3
647 2628 705 2669 uec
731 2605 826 2669 aliter
846 2605 888 2668 ad
909 2603 1144 2684 copulationem
1167 2606 1246 2667 Pro·

141 2715 281 2774 tutantes
301 2711 448 2789 admitti,
471 2733 563 2793 quam
578 2715 771 2794 promissum
785 2713 825 2774 de
841 2709 1057 2792 amplectenda
1077 2709 1245 2789 Religione

141 2815 297 2878 Catholica
324 2811 457 2899 praevie
484 2815 623 2880 eliciant.
663 2816 815 2898 Querelas
837 2814 1020 2878 huiusmodi
1042 2816 1074 2874 in
1098 2815 1245 2876 comitiis

140 2922 326 2998 decurtastis
353 2943 382 2983 a.
408 2927 499 2986 1566.
524 2956 561 2967 -·
594 2927 873 2985 liettaboneasr'buc
894 2941 922 2982 a.
948 2923 1039 2980 1576.
1065 2951 1101 2963 -
1130 2922 1245 2997 Anqu-

139 3033 229 3089 ttena'a
251 3047 280 3090 a.
306 3032 397 3088 1582.
410 3034 451 3089 ‘et
472 3032 751 3091 Mabooeneibua
772 3048 800 3089 a.
822 3029 913 3089 1⁵94.
930 3026 1115 3106 propositas
1131 3024 1245 3102 tuisse,

140 3138 198 3192 aeta
221 3132 432 3218 Comitiorum
455 3134 565 3195 borum
586 3132 770 3214 loqvuvntur.
793 3133 827 3194 in
842 3124 1000 3195 ¹(lomitiir
1022 3150 1117 3211 porro
1136 3130 1245 3194 Ratis-

140 3235 325 3300 bouenribus
346 3258 376 3299 a.
402 3243 492 3301 1698.
517 3239 551 3300 id
574 3246 683 3300 eontra
707 3235 892 3300 catholicos
917 3240 1116 3298 colonienses
1135 3252 1244 3315 grava·

139 3358 199 3404 nen
220 3342 392 3405 formatum
413 3342 566 3424 legimus,
590 3343 677 3424 quod
698 3342 872 3405 catholicas
889 3339 1017 3424 puellas
1031 3341 1120 3403 urbis
1136 3342 1245 3420 huius,

141 3465 211 3526 quae
241 3449 320 3511 viris
349 3450 605 3515 Protestantibus
633 3452 780 3527 nubunt‚.
804 3449 927 3521 iuribus
959 3447 1097 3509 civitatis
1122 3451 1245 3509 exuant.

141 3551 444 3616 Generatimantem
467 3557 635 3618 observare
658 3561 724 3632 est,
754 3555 837 3616 circa
865 3555 960 3615 iinem
982 3550 1083 3615 seculi
1104 3551 1190 3614 XVI.
1211 3552 1245 3613 iu

139 3654 352 3740 luperialibus
375 3660 575 3723 Civitatibus·
588 3661 770 3740 frequentes
792 3661 877 3721 inter
898 3655 1083 3720 Catholicor
1105 3662 1138 3719 et
1164 3657 1246 3719 Pro·

138 3765 283 3826 tertamm
312 3771 421 3826 enatae
451 3766 553 3827 favisse
581 3767 612 3826 in
635 3765 764 3845 negotio
787 3765 955 3826 mixtorum
976 3763 1247 3825 matrimoniorum

137 3865 336 3931 collisiones:
359 3871 499 3951 equibus
514 3889 608 3932 ιιιιιιιιι
628 3868 844 3931 tantummodo
863 3866 1037 3949 exemplum
1052 3869 1245 3950 proferimus

137 3961 271 4036 ex'urbe
292 3980 523 4038 Donoumdrtb
545 3976 751 4039 Occasionem
774 3975 968 4036 contentioni
983 3976 1131 4056 praebuit
1141 3980 1245 4056 'copu-

134 4075 210 4143 latio
234 4082 428 4143 matrimonii
450 4081 539 4143 mixti
559 4081 593 4142 in
616 4078 761 4142 Ecclesia
782 4084 971 4143 Monesterc'i
990 4087 1033 4142 ad
1053 4086 1086 4142 S.
1114 4083 1246 4141 Crucem

133 4191 521 4268 auno1577.snscepta‚
552 4191 662 4248 contra
693 4205 784 4264 quam
805 4183 1046 4248 Praedicatores
1068 4185 1169 4248 Verbi
1189 4184 1246 4246 lli-

131 4289 195 4352 viui
216 4293 406 4384 protestati,
436 4290 533 4371 idque
563 4290 691 4353 efiicere
712 4288 816 4353 adnisi
838 4297 931 4371 svrnt,
961 4298 998 4354 ut
1027 4291 1130 4352 omnis
1151 4289 1246 4349 iuris-
