2798 4838
581 256 837 328 -Μ,

131 408 226 487 longe
255 400 329 466 aliis
356 399 523 483 principiis
553 398 649 478 hodie
687 400 862 477 Pontifices
893 400 963 481 regi
991 398 1131 483 debere,
1161 420 1250 483 quam

130 518 243 589 antea,
265 524 325 570 nec
346 504 482 588 amplius
505 507 724 570 Protestantes
746 507 848 568 instar
875 505 1112 568 haereticorum
1139 513 1250 571 tracta·

131 621 181 694 ri,
196 618 258 678 -aut
280 617 391 674 contra
413 609 541 694 publica
563 611 748 692 Principum
770 609 875 674 edicta
898 610 932 672 in
961 613 1057 674 rebus
1089 609 1251 695 religionis

130 720 253 805 perlata
276 720 525 799 protestationes
556 717 648 796 fieri,
679 714 737 785 sed
766 718 876 798 potius
905 723 1002 797 prout
1031 719 1066 778 io
1101 718 1184 800 isoc,
1212 721 1252 782 ita

133 827 300 909 speciatim
329 824 362 885 in
392 828 483 884 matr.
514 823 621 884 mixtis
653 840 796 902 omnam,
826 842 908 903 quae
938 827 1060 885 tantum
1089 824 1251 905 possibilis

133 940 199 1013 est,
221 929 454 1011 indulgentiam
476 928 620 992 exhiberi
643 933 802 1008 oportere.
828 923 890 1002 ⁷⁸⁰)

235 1040 309 1099 258.
333 1032 428 1097 Karl
451 1033 677 1112 (iutzkow,
699 1037 750 1094 dte
770 1036 861 1095 rothe
882 1039 993 1098 Etim
1012 1041 1085 1096 ond
1115 1039 1168 1097 dte
1191 1039 1250 1097 Ko-

130 1163 225 1225 puze.
247 1147 334 1206 Eum
357 1143 585 1202 Varatunnum
604 1145 661 1200 dea
682 1141 906 1201 (terremus
927 1140 1141 1202 Athanasius.
1158 1143 1248 1202 Hara-

130 1256 219 1328 durp.
240 1253 333 1311 1888
354 1242 394 1306 de
424 1245 636 1308 internetione
657 1240 859 1306 Berolineosi
879 1245 953 1307 anni
992 1249 1087 1307 1834.
1118 1265 1248 1325 pronun·

134 1356 220 1417 clare
240 1372 305 1416 non
326 1351 508 1415 erulresoitr
540 1348 629 1411 illam
659 1350 693 1410 iu
723 1351 840 1411 bonum
870 1344 1037 1411 Ecclesiae
1070 1349 1248 1414 Catholicae

135 1459 291 1523 directam
311 1456 489 1525 foissecin
512 1454 637 1536 reliquo
660 1452 778 1517 librum
796 1455 943 1516 Gdsresii
964 1475 1006 1516 ne
1027 1455 1177 1536 aprocul
1192 1458 1248 1537 qui-

136 1565 208 1629 dem
230 1563 391 1629 refutarit.
416 1557 479 1634 ⁹⁸¹)

573 1645 819 1669 ...η-...-

237 1759 310 1818 ate.
331 1753 519 1817 ioannes
542 1752 722 1834 Girres,
745 1757 852 1814 tantos
880 1757 992 1813 nactus
1021 1751 1248 1834 impugnatores

135 1870 168 1927 et
190 1859 412 1940 adversarios,
436 1859 538 1922 tribus
570 1863 692 1920 tantum
723 1855 853 1920 illorum
881 1855 1037 1937 peculiari
1067 1856 1183 1923 libello
1210 1877 1248 1921 re

134 1987 286 2051 sponsum
308 1963 418 2042 dedit,
442 1965 496 2044 qui
516 1964 609 2026 huno'
621 1962 763 2045 praefert
785 1960 933 2025 titulum:
956 1968 1016 2024 Dte
1039 1952 1203 2045 Triarier,
1216 1967 1247 2027 il.

136 2080 218 2158 Eoo,
240 2077 276 2137 P.
299 2071 520 2150 marcomere,
550 2075 580 2131 ie.
610 2073 733 2132 Bruao.
751 2074 971 2161 ⁴Iteqeaaturp.
1001 2074 1107 2133 1888.
1138 2071 1173 2133 in
1201 2070 1248 2131 hoc
1287 2086 1289 2095 ·

135 2199 233 2260 opere
255 2183 290 2257 et¹
309 2175 462 2259 principia
487 2173 527 2239 de
550 2175 685 2256 genuina
714 2172 873 2237 relatione
902 2173 1071 2238 Ecclesiae
1100 2175 1147 2238 ad
1176 2175 1248 2239 Giri-
1287 2160 1289 2197 l

135 2294 233 2359 tatem
254 2283 288 2345 tu
310 2281 414 2362 priori
435 2282 500 2343 iam
537 2281 665 2343 uberius
688 2280 881 2369 proposita,
912 2278 1107 2360 vindicavit,
1138 2281 1249 2363 sigum·

7 2455 9 2459 ,
135 2400 247 2471 terque
270 2387 448 2459 doctrinam
470 2384 511 2449 de
532 2404 613 2449 vera.
628 2385 850 2457 iurisdictione
883 2405 902 2448 a
933 2386 1064 2449 Christo
1095 2386 1249 2450 Ecclesiae

4 4422 34 4556 i
56 4508 60 4515 ,

139 2497 213 2558 data
235 2494 440 2577 Primatuque
462 2492 625 2555 Romanae
657 2489 752 2553 Sedis
783 2490 945 2569 defendit3
975 2500 1007 2554 et
1038 2499 1163 2557 statum
1189 2511 1249 2554 coo·

137 2601 313 2665 troversiae
337 2596 377 2658 de
398 2597 505 2659 mixtis
529 2604 621 2659 matr.
644 2598 676 2658 io
699 2598 851 2661 Boruaria
874 2594 993 2659 clarius
1015 2596 1193 2661 evolvendo
1208 2597 1248 2659 de·

139 2705 347 2787 monstravit,
368 2703 578 2764 intentionem
601 2703 778 2782 Regiminis
801 2720 914 2783 reapse
944 2701 1114 2767 Ecclesiae
1147 2704 1248 2768 Catho-

137 2813 220 2877 licae
241 2810 403 2874 inimicam
424 2806 537 2870 feriore.
564 2802 626 2880 ⁷³²)

241 2921 315 2978 260.
338 2913 426 2977 idem
450 2914 611 2975 Gdrres
634 2913 667 2974 in
690 2910 864 2994 opusculo,
896 2912 985 2994 quod
1013 2913 1049 2976 in
1081 2917 1246 2979 anniversa·

137 3026 217 3095 rhen
240 3026 370 3084 eventus
394 3016 598 3081 Calontensis
620 3019 825 3096 memoriam,
844 3024 900 3081 20.
922 3019 1001 3081 Nor.
1027 3025 1124 3085 1838.
1148 3022 1245 3086 suiti-

138 3128 226 3190 tuioz
248 3132 333 3188 zum
366 3127 685 3203 Joorrspeoecomiar
712 3130 768 3187 rica
795 3129 853 3185 20.
883 3129 962 3188 Noc.
994 3131 1098 3188 1887.
1124 3135 1245 3209 noyers·

140 3241 229 3311 irrep.
252 3236 352 3294 1888.
379 3229 499 3311 edidit,
521 3230 661 3291 breviter
682 3228 741 3291 sed
762 3229 932 3295 admodum
952 3233 1105 3312 energice
1140 3230 1244 3316 exposi-

139 3341 183 3425 tis
205 3340 264 3416 iis,
288 3356 371 3418 quae¹
389 3337 463 3399 inde
485 3357 505 3399 a
527 3335 844 3418 captivitate‘AEppi
865 3342 956 3418 gesta
989 3345 1085 3418 sunt,
1116 3337 1243 3421 praepri·

139 3444 200 3507 mis
223 3445 329 3507 thema
350 3441 433 3506 illud
455 3440 589 3504 evolvite
612 3458 722 3521 paoem
742 3441 828 3503 inter
847 3438 1030 3505 Ecclesiam
1046 3451 1086 3507 -et
1119 3447 1243 3527 Regum

142 3588 389 3605 m

208 3676 274 3742 780)
301 3679 503 3729 Receasiones:
533 3677 620 3724 I’lreol.
645 3676 699 3723 Lr't.
724 3675 789 3724 blau
815 3687 863 3723 aar
885 3678 952 3735 olto,
973 3676 1007 3727 X.
1034 3679 1071 3730 z,
1095 3677 1188 3732 1830,
1207 3678 1242 3728 Νι,

174 3770 244 3823 108.
257 3797 293 3809 ·-
310 3770 479 3820 Kameliacte
494 3766 528 3816 K.
546 3767 576 3814 Ζ.
589 3765 744 3825 Eroolrr'urt.
755 3762 844 3816 1888.
859 3779 884 3823 n.
898 3762 1015 3816 368-
1032 3767 1243 3822 iiheiorrsid

173 3862 366 3919 Itepertorr'um.
388 3859 488 3911 XXIV.
508 3859 541 3906 It.
560 3869 585 3914 p.
604 3853 654 3906 39.

211 3946 280 4013 781)
298 3953 450 4004 liecensior
468 3946 719 3998 iiheinwaid
739 3950 847 4006 Itepert.
867 3949 976 4000 XXIII.
995 3951 1030 3999 B.
1048 3965 1076 4010 p.
1095 3949 1145 4004 87.
1162 3949 1209 4003 48.

209 4041 276 4107 782)
303 4044 506 4096 liecensiooesr
533 4039 704 4101 Phillips
729 4046 766 4090 et
793 4040 949 4102 (loitres,
967 4041 1244 4103 itstors'rct-poita'scte

174 4139 276 4187 Btdtter
292 4137 340 4196 sair
357 4138 406 4185 dor
423 4134 522 4182 ramat.
545 4131 704 4181 Deutrtorrd.
722 4133 763 4182 11.
782 4134 816 4183 B.
842 4132 982 4183 Mutuom
1001 4131 1094 4186 1838.
1112 4150 1139 4195 p.
1157 4131 1202 4186 86.
1216 4155 1241 4171 ··

174 4227 369 4280 Gersdori
383 4222 577 4281 acoertortsm.
598 4219 917 4282 1171188487-
934 4225 1073 4279 Holts'reie
1095 4227 1240 4279 latrum!

178 4323 224 4378 ser
248 4316 450 4373 mercenariam.
470 4312 559 4365 1838.
580 4327 606 4370 o.
626 4309 709 4365 191³.
