2798 4838
587 284 817 361 ..535-
917 234 920 241 ¹

133 427 222 512 reia,
244 448 324 512 quae
360 426 514 494 adversus
549 449 644 493 nuum
691 430 864 494 alterumve
914 450 930 494 e
957 429 1114 497 Parecblr
1136 429 1173 494 C.
1201 429 1268 497 Gd-

133 532 307 599 mbriensir'
355 537 558 615 matrimonia
605 539 691 600 inter
745 535 931 602 Catholioos
970 544 1004 600 et
1044 538 1265 600 Protestantes

131 642 334 723 praetensive
356 642 587 724 impedientes,
620 643 921 726 copulationemque
949 662 1159 722 personarum
1181 643 1263 703 mix·

131 755 186 811 tae
207 745 376 828 religionis
400 749 558 830 tantisper
581 748 785 829 differentes,
807 747 1033 810 Juriedlctlonl
1054 745 1187 809 antelati
1199 747 1264 809 (lo-

130 854 265 916 mitatus
287 851 343 940 dd.
368 858 418 916 le.
441 854 528 936 Sept.
554 858 646 916 1836.
668 875 729 937 pro
751 852 877 917 medela
909 855 1071 917 substrata
1100 859 1159 917 cst.
1194 854 1263 933 Qua

130 960 302 1022 occasione
323 961 357 1021 in
379 959 531 1022 Genernli
554 961 808 1043 Congregatione
827 961 973 1023 Statuam
995 959 1183 1023 Provinciae
1193 956 1260 1020 dt-

166 1149 363 1203 correlationes
399 1167 478 1203 suum
509 1154 635 1204 ludunum
666 1156 766 1204 babere
793 1152 919 1216 possint,
953 1156 1152 1213 consequenter
1170 1114 1261 1200 saltim

164 1239 250 1306 illae,
274 1231 350 1303 queis
380 1260 468 1296 novae
487 1243 668 1311 obligationes
697 1244 778 1296 Clero
804 1241 964 1305 l’opuloque
982 1243 1181 1295 Dioecesano
1174 1256 1258 1304 tmpo-
1329 1302 1336 1309 ἱ

165 1340 284 1397 nnntur,
303 1337 379 1397 prius
399 1351 477 1397 quam
501 1336 689 1399 publicentur,
708 1335 816 1387 Placete
845 1337 877 1387 lt.
897 1336 1095 1386 submittendae
1114 1349 1177 1387 esse
1196 1349 1260 1386 cen·

165 1431 287 1477 secutur.
306 1428 376 1478 llum
390 1424 467 1506 'enim
486 1431 518 1479 de
537 1430 682 1491 Episcopis
709 1428 737 1478 in
756 1443 859 1496 genere
878 1428 1104 1491 praesumendum
1123 1430 1182 1489 est,
1210 1439 1259 1476 eos

164 1523 194 1570 et
212 1501 334 1580 ampliori
352 1521 505 1585 religione,
525 1528 552 1570 et
569 1520 720 1570 vocationis
739 1535 807 1571 suae
826 1520 968 1568 sanctitate
988 1517 1115 1568 continuo
1134 1531 1167 1567 eo
1178 1517 1258 1579 duci,
1345 1561 1350 1569 ,

163 1615 268 1660 utnon
287 1613 376 1661 solum
402 1611 454 1672 ipsi
473 1612 510 1660 nil
529 1613 557 1661 in
576 1609 654 1678 leges
674 1610 769 1662 civiles
790 1612 971 1673 committant,
991 1623 1085 1660 verum
1112 1608 1192 1660 etiam
1210 1622 1260 1671 po·

164 1699 229 1763 puio
248 1703 299 1752 sibi
317 1702 417 1752 credito
437 1716 496 1751 eum
523 1702 634 1753 aliarum
653 1705 797 1767 virtrdum,
816 1708 871 1753 tum
898 1702 1043 1764 praecipue
1070 1696 1207 1750 fidelitatis
1231 1705 1260 1750 et

163 1794 322 1844 devotionis
341 1808 408 1860 erga
425 1796 576 1856 Principem
595 1803 623 1846 et
640 1797 763 1861 Regnum
785 1791 906 1856 exemplo
932 1798 1079 1855 praeeant:
1106 1793 1177 1841 idem
1195 1805 1259 1854 pro·

163 1885 237 1935 tecto
257 1888 289 1936 de
308 1887 451 1949 Episcopis
470 1887 625 1951 ilungariae
656 1901 761 1947 quoqne
788 1888 846 1937 iure
865 1887 969 1946 bocque
991 1885 1080 1949 magis
1104 1897 1259 1946 supponere

164 1976 244 2038 licet,
265 1978 361 2038 quod
354 1980 407 2040 ipsi
426 1975 607 2043 legislationis
626 1976 714 2027 civilis
733 1984 835 2040 purtem
854 1991 951 2039 capere
966 1974 1053 2040 jussi,
1072 1976 1258 2036 culturamque
1356 1994 1363 2002 ·

166 2068 365 2120 institutionum
384 2072 452 2120 bene
471 2071 549 2135 gnari
568 2067 634 2119 nibil
663 2070 772 2155 omnino
793 2083 843 2119 seu
868 2082 917 2130 per
935 2082 967 2118 se
986 2081 1037 2117 seu
1054 2081 1103 2135 per
1121 2064 1191 2117 alios
1209 2069 1258 2118 ad-

162 2161 353 2224 missurisint‚
372 2158 441 2222 quod
463 2163 509 2211 vel
528 2161 631 2228 Regiae
649 2133 827 2223 Anctnritatl‚
845 2161 892 2210 vel
910 2144 1000 2225 Regni
1019 2159 1257 2211 constitutionibus

163 2264 269 2311 quaqua
292 2255 395 2304 ratione
423 2255 558 2316 obiceret·
585 2255 691 2303 demum
718 2254 834 2315 imperio
868 2249 951 2303 civiti
982 2265 1125 2311 numquam
1159 2253 1259 2303 desunt

162 2345 260 2404 meda,
277 2342 356 2404 illos,
376 2346 421 2406 qui
450 2347 566 2396 bisunu
593 2346 762 2407 obstantibus
796 2358 922 2394 exerrare
950 2344 1207 2410 dignoscerentur,¹
1224 2345 1258 2394 ad

163 2438 321 2496 obsequium
348 2440 503 2488 revocandi.
521 2465 559 2477 -
575 2430 661 2487 l’orro
686 2437 904 2498 comaupiscopi
935 2441 991 2487 tum
1009 2438 1039 2487 vi
1058 2437 1101 2486 sui
1119 2437 1258 2499 muneris,

162 2534 218 2576 tum
238 2530 316 2578 etiam
336 2544 351 2580 e
370 2532 537 2592 praescripto
556 2530 761 2579 Resolutionum
786 2529 935 2594 Regiorum
962 2529 1017 2577 sint
1042 2528 1157 2579 omnium
1184 2528 1258 2578 Scri-

161 2625 334 2681 ptorumrem
346 2621 424 2673 Cstb.
433 2620 587 2686 Religionis
597 2621 815 2679 concernentium
835 2632 985 2669 censores:
1010 2620 1117 2670 minime
1140 2633 1257 2685 congru·

161 2725 206 2760 um
225 2727 288 2762 esse
306 2715 432 2776 videtur,
451 2718 497 2776 ut,
518 2714 613 2772 quibus
633 2712 760 2760 incumbit
778 2708 941 2776 invigilare,
967 2689 1002 2759 ne
1022 2711 1085 2771 qnid
1104 2711 1166 2761 idei
1178 2725 1254 2773 ,mo-

161 2803 251 2867 ribus,
271 2818 302 2853 ac
321 2802 481 2867 disciplinae
499 2801 639 2853 Ecclesiae
659 2803 798 2851 dissonum
817 2804 849 2850 ab
869 2799 930 2853 aliis
957 2799 1105 2868 vulgetur,
1123 2803 1177 2866 ipsi
1199 2817 1253 2856 non

161 2895 223 2944 sine
249 2897 417 2945 auctoritatis
444 2909 510 2945 sune
537 2895 710 2958 detegamine
738 2890 893 2943 Pastorules
922 2908 986 2942 suas
1013 2894 1121 2945 Literas
1140 2898 1253 2958 praevie

153 2984 292 3036 'Politieee
318 2987 519 3036 durisdictiouis
551 2999 683 3036 censurae
708 2987 889 3034 substernant
918 2985 990 3036 Sene
1010 2987 1034 3035 si
1054 2988 1140 3047 quoad
1160 2989 1252 3038 Evan-

159 3079 265 3144 gelicos
284 3079 381 3145 vigore
400 3080 459 3128 Art.
478 3077 522 3128 26.
541 3093 565 3128 a.
584 3069 688 3150 179⁰sl.
706 3070 729 3138 5.
748 3078 774 3126 lt.
792 3077 936 3139 statuitur,
962 3077 1038 3126 utin
1058 3080 1140 3128 rebus
1159 3079 1254 3146 religi-

161 3183 222 3231 onis
241 3183 320 3231 unice
347 3182 439 3231 asnis
458 3181 648 3243 Superioribus
676 3183 863 3243 dependeant3
889 3181 912 3230 si
933 3181 1053 3231 eiusdem
1083 3182 1143 3233 Art.
1171 3176 1195 3246 5.
1224 3183 1251 3235 d.

160 3274 329 3336 disponitur,
348 3280 377 3323 ut
395 3272 623 3338 Evangelicorum
641 3271 705 3322 libri
714 3274 875 3338 religionem
894 3280 1090 3325 concernentes
1109 3288 1166 3338 per·
1178 3275 1251 3327 Oen·

160 3377 238 3415 sores
257 3366 379 3416 emedio
398 3379 489 3440 eorum
509 3365 668 3430 deligendos
693 3365 884 3428 revideantur,
908 3379 996 3426 neque
1014 3365 1248 3436 huiusmodillibri
1317 3404 1320 3411 -

158 3454 282 3507 ulteriori
302 3469 432 3507 censurae
455 3470 570 3515 uuquam
589 3448 816 3518 substernuntur3
835 3457 858 3505 si
878 3457 992 3517 denique
1019 3456 1250 3524 Evangelicoruur

159 3547 420 3610 superintendentes
453 3546 498 3595 ac'
517 3548 570 3609 ipsi
600 3548 678 3596 etiam
706 3545 804 3596 Graeci
830 3546 863 3595 lt.
882 3561 935 3596 non
963 3550 1037 3598 Uniti
1056 3551 1185 3612 Episcopi
1213 3553 1248 3604 ad

160 3646 356 3690 concernentes
383 3628 527 3689 animarum
555 3643 681 3699 pastores
711 3634 804 3687 literas
823 3649 887 3685 suas
925 3637 1070 3689 circulares
1105 3616 1190 3693 libere
1220 3649 1248 3693 et

158 3733 262 3792 absque
280 3730 338 3782 ulla
362 3728 452 3781 aitiori
478 3725 646 3791 inspectione
664 3728 795 3778 dimittere
813 3735 946 3791 possuntt
974 3729 1087 3780 evidens
1106 3736 1163 3793 est,
1183 3747 1248 3783 con·
1306 3716 1315 3723 ’

159 3823 288 3872 ditionem
315 3823 511 3895 Episcopnrnm
538 3818 737 3873 catholicorum
765 3821 815 3869 boc
835 3822 885 3870 sub
903 3808 1040 3883 respectu·
1059 3835 1089 3870 ac
1119 3831 1245 3883 quantum

158 3915 193 3964 ed
211 3915 351 3977 spirituale
370 3927 479 3965 suorum
498 3913 638 3978 regimen,
662 3918 736 3962 sorte
754 3913 1038 3974 superintendendum
1064 3929 1095 3964 ac
1115 3913 1147 3966 G.
1166 3930 1193 3966 n.
1211 3919 1245 3967 U.

158 4005 192 4056 lt
210 4007 406 4068 Episcoporum
423 4007 506 4071 longe
524 4005 685 4079 deteriorem
703 4005 818 4054 tutorem
836 4019 909 4056 esse.
942 4006 966 4054 li
1000 4018 1026 4067 qr
1038 4007 1097 4056 ibus
1115 4008 1248 4064 rationum

158 4098 306 4171 momentis
320 4110 438 4148 censeo:
463 4096 616 4160 Episcopos
635 4110 720 4159 penes
753 4095 907 4160 pristinam,
925 4110 957 4146 ac
983 4111 1018 4160 ps
1061 4100 1149 4161 ipsum
1167 4099 1247 4150 etiam

132 4219 137 4229 ·
160 4188 315 4255 Angustum
333 4189 482 4251 Josepbum
500 4188 526 4240 2.
545 4190 732 4251 imperatorem
750 4187 849 4238 intacte
873 4189 1000 4240 'relictsm
1031 4190 1059 4241 in
1083 4191 1248 4258 dimittendis

159 4280 194 4329 'sd
218 4277 327 4332 clerum
345 4287 373 4333 et
387 4266 528 4344 'Populum
559 4259 728 4341 ¹lincuciicis
766 4277 917 4335 libertatem
958 4279 1029 4334 ultro
1073 4295 1178 4344 quoque
1205 4296 1249 4334 re·

159 4367 320 4434 linquendus
341 4369 436 4426 'eracl’
619 4424 622 4429 ,
800 4372 815 4399 ·
