2798 4838
127 429 187 492 uuo
215 427 234 469 a
257 411 348 488 purte
370 405 527 470 catholica
549 426 641 469 omne
662 406 840 488 periculum
861 409 1073 491 perversioris
1103 415 1247 473 amoveo-

134 526 202 592 tux,
227 519 261 575 et
281 511 388 594 proles
411 513 573 591 utriusque
595 532 687 576 sexus
709 515 741 576 iu
771 513 853 577 Fide
884 511 1050 577 catholica
1081 514 1245 579 educetur·

144 624 165 692 c)
187 619 332 699 lienique
355 617 464 682 addite
482 619 643 680 Summum
660 619 848 682 Pontificem
869 618 911 684 ad
928 618 1255 685 tolerantiam-istam·

148 745 176 786 ea
194 721 297 786 solnm
319 722 359 785 de
381 743 476 787 cauea
497 729 675 804 permotum
694 724 817 805 fuisse,
839 744 880 788 ne
908 727 1052 807 gravioria
1082 724 1248 790 Ecclesiae

153 828 214 891 nala
240 829 425 892 obveniant:
447 829 523 891 hinc
548 830 725 911 Episcopos
747 849 784 893 ac
806 831 969 895 Perochos
999 830 1175 894 secondum·
1197 833 1249 896 in·

155 937 340 997 structionem
359 941 560 1016 praesentem
581 935 789 1016 procedentes
810 941 885 999 tnnc
906 935 1010 1000 solum
1026 937 1062 999 in
1083 940 1248 1001 oouecien·

157 1041 188 1102 tia
204 1047 286 1102 tutor
308 1041 398 1120 fore,-
420 1041 449 1103 si
470 1040 517 1103 nil
539 1059 667 1119 eorum,
690 1060 771 1122 quiae
792 1041 881 1123 parto
916 1062 954 1104 ex
985 1060 1043 1105 sua
1072 1041 1248 1125 ad'tutaxs-

157 1144 210 1207 dan
238 1143 406 1208 Ecclesiae
434 1153 569 1209 mentem
599 1145 721 1226 agenda
761 1154 855 1227 sunt,
886 1149 1136 1228 intermiserint,
1167 1146 1254 1211 lde·

157 1247 259 1332 lemque
280 1249 433 1332 populum
464 1270 562 1333 porro
592 1255 689 1316 etiam
720 1260 754 1314 et
779 1253 955 1316 ardentiori
984 1254 1088 1317 aditae
1116 1253 1189 1316 nelo
1216 1255 1250 1317 in

157 1356 202 1434 iis,
221 1376 299 1437 quae
321 1355 362 1418 ad
385 1355 560 1420 doctrinam
581 1357 747 1421 Ecclesiae
769 1359 874 1440 quoad
903 1367 994 1423 matr.
1023 1362 1121 1424 mixta·
1149 1363 1250 1440 porti-

113 1470 115 1474 ·
157 1468 227 1539 nent,
248 1463 478 1542 instruxerint,
502 1462 627 1525 domurn
648 1460 696 1526 nil
727 1465 965 1544 commiserint,
996 1485 1055 1546 per
1076 1465 1161 1547 quod
1185 1466 1249 1528 Ga·

113 1590 115 1665 j
157 1585 252 1628 nonum
275 1574 365 1629 matr.
388 1571 484 1631 mixta
507 1569 731 1633 detestantium
754 1570 907 1634 memorio
928 1570 960 1632 in
989 1571 1107 1652 populo
1139 1571 1249 1635 catino·

158 1667 205 1732 lieo
222 1675 383 1735 extenuari
406 1676 518 1754 possit.
544 1671 606 1747 ⁵³¹>

617 1913 653 2024 ς.
682 1904 767 2002 154.

113 2083 502 2149 hemmincsile
518 2091 784 2163 Apostolieae
809 2090 862 2149 air
893 2089 1110 2166 episeopis
1129 2090 1257 2209 viere-

466 2182 622 2242 vorate
649 2182 921 2243 annunciata.

238 2341 450 2403 instructione
472 2342 677 2425 Apostolicac
700 2340 793 2406 ¹Sedis
815 2344 984 2425 Episcopis
1005 2334 1155 2406 liceuriae
1177 2333 1250 2404 red-

156 2437 224 2527 dita,
244 2445 375 2530 longum
399 2448 501 2510 adhue
524 2449 649 2512 effluxit
670 2448 823 2533 temporis
846 2448 1065 2527 intervallum,
1088 2447 1189 2511 donee
1211 2433 1252 2510 ilss

154 2540 176 2608 lu
193 2552 221 2612 in
243 2553 391 2614 ellectum
414 2552 642 2617 deduceretur:
664 2576 756 2634 nam,
778 2552 1029 2657 lieetlnotabiles
1045 2554 1159 2616 fecerit
1177 2573 1252 2614 eon·
1279 2649 1280 2652 Ἴ

151 2657 315 2737 cessiones,
339 2657 509 2722 desideriis
532 2667 635 2722 tamen
668 2681 796 2739 corum,
829 2679 927 2742 penes
956 2680 1036 2739 qnos
1068 2664 1117 2721 est
1146 2677 1258 2731 rerum,

149 2761 335 2833 publicarum
358 2785 499 2845 summa,
523 2765 662 2831 nondum
685 2765 844 2827 satisfecit
868 2761 944 2835 532).
968 2765 1108 2826 Primum
1141 2756 1253 2859 ultimo

207 2953 463 3019 ottoniensem
483 2956 625 3023 psg.291.
670 2955 673 2961 '

206 3045 272 3112 582)
290 3051 385 3099 Notati
408 3050 451 3099 iric
478 3055 626 3112 merentur,
654 3062 721 3110 onae
740 3050 767 3098 in
795 3045 1016 3110 Euhemeririitxs
1043 3047 1258 3101 numerentur-r

176 3143 320 3205 gensinus:
347 3143 449 3190 Heroid
475 3144 520 3190 ries
547 3143 687 3191 Gioubene.
716 3139 805 3191 1838.
829 3154 854 3199 n.
882 3136 947 3189 123.
964 3139 986 3197 f.
1014 3144 1168 3189 narrantuts
1193 3141 1253 3201 „Da

176 3235 237 3281 auch
268 3235 343 3284 diese
376 3227 568 3295 (instruction)
596 3234 668 3283 nicht
695 3235 745 3283 den
772 3219 972 3297 Erwartungen
1006 3233 1165 3294 entspracn,
1200 3234 1251 3280 sinui

176 3323 312 3374 iberdiess
330 3340 381 3374 nur
398 3326 656 3391 bediugungsweise
675 3327 799 3390 gegeben
819 3326 929 3387 uuerde,
949 3338 981 3373 so
1000 3338 1059 3373 war
1077 3325 1193 3373 dadurcir
1209 3324 1251 3372 die
1339 3370 1342 3378 ,

176 3414 368 3481 Verlegenheit
393 3417 468 3466 niciut
493 3431 544 3467 nur
578 3419 652 3467 nieht
678 3417 823 3482 gelroben,
850 3419 967 3466 eondern
994 3408 1062 3465 nocis
1096 3416 1268 3476 remcort,-

176 3505 236 3556 wcii
257 3510 306 3558 der
327 3510 477 3584 baierische
502 3510 648 3571 Episcopus
674 3510 717 3558 die
744 3509 889 3558 instructio
916 3508 989 3557 nictit
1015 3508 1042 3556 in
1067 3503 1253 3571 iiolluiehung

176 3607 265 3651 setzen
284 3603 399 3663 konnte,
423 3601 511 3650 indam
526 3601 556 3662 jo
573 3601 633 3650 eine
653 3600 775 3649 iusserat
796 3602 962 3659 uncoqueme
990 3599 1151 3662 Bodingung
1170 3599 1250 3644 daran

175 3691 281 3753 klebte,
299 3694 354 3741 und
378 3693 453 3743 ‹iioso
482 3683 644 3758 Beuingung'
669 3705 728 3742 war
759 3687 846 3741 leider
870 3705 920 3740 nur
946 3691 981 3739 inu
1004 3683 1151 3750 Berichteff
1179 3687 1253 3736 nicht

174 3785 235 3832 aber
254 3783 281 3832 in
299 3783 396 3833 Baiern
413 3797 448 3833 nu
462 3781 579 3834 finden.”
597 3781 727 3848 Intelligit
745 3783 1038 3844 correspondentiam
1057 3781 1151 3842 procui
1170 3780 1257 3828 datio

174 3888 284 3939 gravem
303 3875 470 3925 Sanctissimi
493 3877 580 3926 Patris
607 3876 808 3925 admonitionem
831 3877 859 3924 in
887 3874 1064 3924 instructione
1083 3877 1251 3935 contentam,

173 3968 200 4016 vi
219 3968 296 4017 cuins
315 3968 424 4017 disertis
442 3969 532 4017 verbis
552 3966 682 4019 declarat:
700 3984 732 4018 se
744 3970 867 4016 duntaxat
879 3981 911 4017 ea
927 3980 1008 4016 causa
1026 3971 1172 4027 permotum
1186 3965 1252 4013 tisis·

171 4073 203 4111 se
222 4060 256 4109 ad
278 4040 377 4108 tantun
403 4057 571 4111 tolerantiam
589 4075 637 4121 pro
663 4059 802 4111 Catholico
829 4059 961 4110 Binariae
987 4059 1084 4124 Regno
1102 4057 1252 4106 eonceden-

171 4152 247 4211 uiam,
267 4152 336 4210 quod
354 4166 369 4200 e
388 4148 518 4203 relatione
543 4153 739 4215 episcopcrum
765 4151 860 4218 gravia
885 4148 955 4201 maia
970 4148 1107 4216 Religioni
1132 4146 1251 4199 catioii-

169 4257 221 4293 cae
244 4243 398 4304 impendere
421 4241 596 4308 intellexerit,
620 4245 674 4295 nisi
692 4259 724 4296 ea
750 4243 890 4296 concessio
918 4243 973 4294 liat.
990 4242 1021 4292 Si
1048 4243 1138 4302 itanum
1156 4236 1250 4290 relatio
1295 4264 1297 4268 v

166 4334 368 4398 Episcoporom
386 4341 547 4403 exaggerata
565 4336 616 4386 tuit
633 4330 686 4398 (uti
704 4320 864 4392 memoratus
880 4317 1108 4399 iiorresponsicns
1136 4328 1250 4384 coaice-
