2798 4838
564 286 615 301 -
640 247 794 325 269-

113 394 346 477 dipiscoporuar
388 389 504 476 aliam,
540 390 637 455 salvis
674 393 814 458 muneris
832 392 895 455 ’sui
932 392 1132 476 rationibus,
1160 391 1238 458 dare

113 519 225 582 posse,
249 498 387 578 denique
408 497 567 562 vindicata
590 491 657 581 pro
671 516 707 561 se
728 497 879 562 libertate
901 497 1169 564 ecciesiastdcain
1183 501 1239 584 iis,

113 626 191 686 quae
215 604 402 686 Religionis
426 610 519 685 suut,
542 625 577 667 se
599 623 712 668 munus
732 624 825 668 suum
846 603 996 670 abdicare
1016 604 1103 672 haud
1124 625 1238 690 posse,

113 713 213 794 Regio
236 712 370 775 nunciat
391 711 554 775 Ministro.
581 706 642 783 ω)

580 897 582 901 ·
596 879 632 974 §-
661 880 747 953 roe.

121 1022 366 1095 asponiam,
402 1022 574 1092 qualem
608 1019 763 1101 accurrit
805 1022 1017 1082 rationem
1050 1021 1240 1082 tonuerit

122 1114 317 1186 aesimon
351 1111 629 1172 Borussicum
659 1128 757 1172 cum
779 1114 884 1173 florio
917 1115 1158 1186 apostoliea
1191 1116 1240 1177 tn

148 1207 299 1265 morito
318 1204 636 1279 mniapiseopi
662 1206 927 1268 coloniensis
944 1223 1058 1285 ammo
1078 1210 1204 1268 1887.

210 1349 517 1449 Priusquam'filum
538 1369 732 1430 narrationis
755 1389 854 1451 super
884 1369 1024 1448 eventis,
1056 1386 1135 1449 quae
1163 1373 1239 1451 post

128 1470 358 1536 declarationem
406 1479 601 1556 postremam
640 1474 887 1556 Archiepiscopi
922 1494 993 1536 sese
1037 1472 1241 1558 evolverunt,

130 1599 361 1660 prosequamur,
385 1580 602 1641 necessarium
626 1577 789 1659 ducimus,
805 1586 975 1662 praesente
990 1577 1062 1641 loco
1080 1577 1243 1662 quidpiam

131 1683 159 1746 de
176 1685 273 1747 modo
305 1684 422 1765 agendi
449 1687 662 1764 interserere,
694 1704 787 1764 quem
818 1686 921 1748 tenuit
952 1666 1150 1747 (iubernium
1177 1685 1243 1746 Bo-

130 1793 271 1854 russicum
294 1790 395 1853 relate
418 1789 460 1851 ad
492 1789 608 1852 Sedem
637 1792 822 1854 Romanam.
845 1791 1000 1871 Videtur,
1034 1791 1126 1872 quasi
1155 1788 1241 1852 idem

130 1917 169 1976 ca,
192 1917 273 1978 quae
296 1894 435 1958 decursu
457 1897 531 1957 anni
555 1901 646 1958 1837.
670 1897 756 1959 iuter
776 1898 1062 1979 Arcbicpiscopum
1085 1901 1117 1958 et
1141 1896 1241 1978 Regi-

130 2021 169 2063 uu
188 2004 406 2064 Ministerium
428 2004 685 2083 intervenerunt,
710 2001 826 2065 Sedem
849 2003 1024 2066 Romanam
1054 2000 1155 2064 latere
1184 2021 1242 2063 vo-

130 2103 218 2170 luerit
242 2108 323 2169 Nam
345 2115 421 2188 post
442 2109 558 2170 Notam
591 2101 773 2171 officiosam
801 2131 819 2172 a
851 2094 1014 2171 Cardinali
1043 2109 1154 2171 Status
1184 2108 1243 2170 Se·

131 2216 252 2276 cretario
285 2212 339 2276 dd.
371 2218 399 2276 3.
431 2214 527 2276 Febr.
561 2218 654 2276 1837.
686 2216 727 2279 ad
765 2214 951 2278 Ministrum
988 2215 1116 2278 Bunsen
1156 2211 1243 2278 dire-

132 2324 197 2382 ctam
222 2317 299 2400 ⁵¹⁸),
322 2325 450 2402 praeter
471 2340 661 2403 responsum
695 2322 840 2386 Ministri
869 2322 965 2384 huius
996 2319 1036 2383 de
1069 2323 1119 2384 14.
1147 2321 1243 2385 Febr.

133 2430 208 2490 1837.
231 2448 301 2489 eum
324 2429 358 2488 in
381 2446 510 2490 sensum
537 2427 720 2508 redditum,
754 2426 841 2509 quod
870 2428 1091 2511 apographum
1120 2428 1244 2506 episto-

130 2527 169 2594 lae
187 2535 343 2617 Episcopi
366 2534 568 2595 'trevirensis
590 2534 1009 2597 retractatoriaeMaiestati
1029 2534 1150 2614 Regiae
1167 2535 1243 2595 sub-

130 2641 248 2702 missum
270 2640 331 2719 sit,
362 2639 558 2701 Guberuium
588 2640 723 2719 Regium
753 2639 838 2702 nihii
866 2659 994 2718 eorum,
1026 2659 1106 2720 quae
1137 2639 1244 2717 quoad

129 2747 213 2808 mixta
235 2747 438 2808 matrimonia
461 2739 531 2807 c'um
562 2745 816 2827 Arcbiepiscopo
850 2744 1038 2808 Coloniensi
1065 2746 1245 2806 intervene-

128 2859 206 2938 rant,
228 2871 302 2914 cum
324 2850 407 2914 Sede
430 2848 617 2932 Apostolica
640 2837 903 2913 communicavit'
922 2852 989 2913 imo
1018 2849 1096 2912 licet
1126 2849 1245 2912 Minis·

126 2960 167 3020 ter
186 2959 317 3020 Bunsen
346 2959 507 3019 mensibu
539 2955 627 3019 Maio
660 2963 691 3018 et
720 2956 816 3018 Junio
849 2957 923 3018 anui
955 2961 1047 3020 1887.
1078 2953 1245 3019 Cardinali

125 3061 225 3127 Status
248 3064 429 3126 Secretario
452 3064 577 3125 iteratis
600 3064 721 3126 vicibus
739 3068 851 3125 notum
868 3061 1002 3144 fecerit,
1016 3069 1128 3125 contra
1137 3063 1245 3144 Adipi-

124 3189 247 3253 scopum
272 3171 389 3232 diroste
412 3169 520 3250 plnres
543 3168 629 3251 apud
650 3171 786 3250 Regium
812 3169 978 3232 Thronum
1000 3167 1135 3231 formari
1167 3187 1245 3249 que·

123 3275 219 3339 redas:
242 3275 283 3338 de
304 3277 412 3337 mixtis
435 3277 647 3339 matrimoniis
670 3283 776 3338 tamen
799 3275 908 3339 studio
930 3276 1051 3356 tacuit,
1082 3272 1245 3358 quereias·

124 3402 178 3464 que
198 3388 322 3444 tanturn
345 3402 383 3444 ex
414 3381 509 3443 modo
539 3382 655 3463 agendi
684 3382 835 3445 adversus
867 3383 1096 3445 Hermesianae
1125 3380 1246 3443 doctri·

124 3506 175 3551 uae
195 3489 342 3551 fautores
365 3508 423 3568 per
446 3489 601 3570 Aidppum
620 3490 787 3551 observato
809 3486 932 3552 desumi
949 3489 1076 3549 aiebat:
1098 3488 1173 3548 binc
1187 3506 1246 3548 nec
1343 3554 1355 3581 N

127 3593 298 3657 Substituto
323 3596 501 3656 Secretario
525 3595 633 3656 Status
666 3597 853 3673 Copocce'nt,
876 3592 989 3655 eodem
1010 3593 1079 3654 iere
1102 3597 1246 3671 tempore

127 3697 378 3763 inGermaniam
401 3701 625 3782 proficiscenti·
646 3701 732 3761 circa
763 3686 983 3780 quaestionem
1014 3697 1053 3761 de
1082 3697 1246 3760 matrimo-

131 3805 180 3868 niis
201 3808 310 3870 mixtis
334 3813 482 3888 exparte
506 3805 607 3870 Aulae
629 3807 790 3881 Romanae
813 3803 880 3868 ulla
902 3805 977 3867 data
1009 3803 1074 3867 fuit
1101 3804 1246 3866 inviatio.

216 3914 323 3976 Penes
352 3914 536 3975 huiusmodi
574 3912 690 3994 agendi
727 3911 856 3975 modum
887 3931 924 3976 ex
955 3917 1048 3994 parte
1090 3909 1246 3973 Gubernii

136 4011 284 4083 bonosaici
306 4041 376 4082 cum
400 4019 483 4105 Sede
505 4018 692 4101 Apostolica
717 4018 920 4081 observatum
942 4018 1060 4082 coniici
1081 4019 1144 4080 iam
1167 4022 1243 4101 pot·

141 4158 368 4180 ἣ-ι-

192 4252 445 4319 517)n10n.200.
465 4270 526 4322 pag.
547 4255 609 4308 276.
628 4281 664 4293 -
681 4257 834 4316 Dorieounp
860 4261 909 4305 ete.
928 4255 997 4305 aare.
1018 4269 1043 4313 n.
1063 4249 1113 4305 ³2.
1135 4254 1165 4304 V.

194 4343 310 4413 51818.
329 4343 354 4413 d.
374 4347 435 4400 143.
