2798 4838
115 37 125 201 i

593 77 798 152 ..37-

241 220 421 284 Praemirsa
442 221 477 283 in
500 217 631 283 exordio
654 219 887 285 declarationis
909 221 1005 285 iatine
1027 219 1188 284 succincta
1210 219 1261 284 iai-

158 326 238 389 rtoria
258 327 461 407 quamtionir
483 326 525 390 ad
545 326 661 390 Sedem
680 325 900 411 Apostolicam
920 346 980 408 pro
1002 324 1165 390 decisione
1187 330 1279 409 per-'

152 429 240 514 latae,
267 433 305 495 in
325 436 433 513 primo
450 441 544 511 porte
565 430 605 495 de
627 434 860 513 matrimoniis,
892 451 974 514 quae
1003 436 1155 497 roceum
1173 437 1261 497 inter

148 559 175 602 ee
188 540 223 603 iu
244 536 333 602 loeis
353 537 608 601 Foederatorum
630 538 736 620 Belgii
758 538 915 602 Ordinato
937 538 1077 602 dominio
1099 539 1255 602 subiectis

143 662 196 706 ron
221 649 356 708 senata
386 643 489 705 lorma
519 643 708 709 aconcilio
730 645 922 708 Tridentino
950 645 1150 727 praescripta
1186 662 1262 706 con·

141 751 283 830 oenone,
314 751 446 813 statuit:
482 755 547 812 tam
579 770 635 829 ea,
668 770 749 832 quae
776 751 942 832 hucusque
979 755 1143 813 contracta
1174 754 1261 833 sunt,

137 876 224 938 poam
248 862 284 919 et
307 856 525 937 inposterum
547 856 782 935 contrahenda,
805 857 931 921 etiarnsi
952 857 1055 920 forma
1079 876 1098 919 a
1121 853 1260 918 Triden-

135 967 195 1026 tino
217 962 425 1044 praescripta
439 961 472 1022 in
490 963 532 1023 iia
543 959 752 1029 ,celebrandis
770 983 834 1026 non
849 962 948 1026 fuerit
964 965 1147 1045 observata,
1167 958 1262 1022 modo

135 1066 217 1131 alind
242 1048 443 1130 caenonicum¹
456 1066 719 1149 impedimentum
747 1089 810 1132 uon
833 1070 958 1150 obstet,
986 1088 1047 1152 pro
1068 1071 1182 1131 cotidie
1202 1065 1263 1129 ita·

133 1172 231 1237 lenda
256 1192 351 1248 esre3
374 1171 518 1252 adeoque
540 1192 694 1235 converso
718 1175 814 1237 etiam
836 1182 976 1259 unoque
995 1174 1130 1257 conjuge
1152 1171 1196 1237 ad
1215 1173 1262 1257 el·
1384 1176 1389 1186 '

132 1298 200 1343 rum
221 1275 399 1342 Ecclesiae
422 1275 631 1357 Catholicae,
652 1279 744 1361 iprae
766 1277 898 1360 eodem,
927 1298 989 1361 quo
1011 1286 1123 1359 antea,
1148 1279 1261 1343 eoniu-

131 1384 193 1469 pali
222 1382 360 1448 vinculo
390 1404 517 1447 manere
548 1386 743 1462 obstrictos;
783 1386 814 1449 si
838 1404 911 1448 vero
943 1383 1098 1450 alteruter
1133 1391 1261 1467 tantmn·

134 1497 359 1571 eonvertatur,
387 1495 536 1552 neutrum
567 1496 672 1552 tamen
702 1511 821 1574 posse,
851 1489 954 1555 donec
984 1488 1068 1557 aiter
1098 1496 1262 1573 superstes

138 1603 207 1676 ert,
234 1595 273 1658 ad
296 1594 382 1658 alias
404 1576 530 1675 nuptiae
552 1597 701 1659 transire.

231 1704 319 1765 Para
348 1706 451 1762 attero
482 1697 715 1764 Declarationis
744 1708 890 1765 versatur
926 1703 1012 1766 circa
1046 1701 1261 1781 matrimonia,

136 1824 211 1888 quae
238 1807 274 1869 in
310 1805 437 1868 iisdem.
458 1796 564 1887 lieigii
602 1807 775 1887 provinciis
804 1811 957 1873 Cotlreiici
993 1827 1067 1871 cum
1096 1811 1265 1872 haereticis

136 1913 198 1976 rina
226 1912 339 1987 forma
370 1913 449 1975 ac.
468 1912 659 1975 Tridentino
688 1915 888 1995 praescripta
919 1915 1130 1994 contrahunt,
1160 1919 1193 1977 et
1220 1912 1261 1976 de

138 2017 313 2101 itinereque
335 2018 465 2091 statuit:
505 2016 616 2080 eadem
637 2024 745 2083 euticie
767 2039 859 2098 esse,
890 2022 919 2082 si
941 2018 1063 2083 nulium
1094 2017 1184 2082 aliud
1205 2021 1263 2083 ob-

141 2131 194 2187 stet
223 2104 416 2188 canonicum
446 2122 723 2211 impedimentum
765 2131 799 2189 at
829 2123 927 2188 simui
957 2128 1096 2207 graviter
1116 2127 1264 2201 hortatur

143 2249 242 2317 omnes
260 2236 295 2292 et
314 2227 459 2311 singulos
468 2275 480 2312 ‚
501 2234 569 2290 uta
587 2230 800 2293 matrimoniis
823 2231 1008 2294 istiusmodi
1029 2233 1158 2311 mixtis,
1181 2250 1263 2313 quae

143 2333 282 2399 Ecclesia
306 2331 474 2397 catholica
493 2353 618 2416 semper
635 2334 793 2398 detestata
813 2318 877 2417 sit,
899 2335 1041 2409 sollicite
1063 2338 1262 2413 abstinencie

144 2438 208 2505 iiior
231 2447 340 2504 antem
362 2438 562 2520 catholicos,
593 2441 649 2522 qrri
670 2442 883 2504 matrimoniis
912 2442 1031 2515 talibus
1062 2441 1182 2523 illigati
1212 2461 1263 2505 er-

145 2553 224 2628 rent,
255 2554 386 2626 monet,
416 2553 453 2606 ut
473 2564 531 2626 pro
555 2547 744 2626 gravissimo
773 2544 913 2629 scelere,
942 2548 1030 2627 quod
1051 2548 1263 2629 admiserunt,

87 2698 90 2747 i
143 2652 364 2732 paenitentiam
386 2659 499 2745 agant,
538 2658 570 2712 et
601 2649 734 2713 aiterum
765 2653 932 2732 coniugem
963 2655 1049 2714 omni
1079 2651 1189 2715 studio
1221 2651 1264 2715 ad

87 2758 90 2793 ³
143 2758 290 2838 gremium
311 2754 479 2820 EcclcsIae
503 2754 689 2819 Catholicae
712 2756 866 2818 reducere
889 2763 1072 2839 conentur„

235 2864 272 2926 ln
295 2869 390 2927 tertie
409 2873 502 2941 porte
524 2862 647 2923 demum
677 2861 782 2941 quoad
815 2882 851 2924 ea
875 2864 1097 2942 matrimomo,
1127 2883 1208 2946 quae
1228 2865 1264 2927 iu

86 3022 89 3031 .
142 2967 319 3053 Principum
343 2966 583 3031 catholicorum
607 2969 792 3048 regionibus
815 2970 855 3037 ab
872 2969 913 3053 iis¹
931 2970 1102 3053 ineuntur,
1126 2971 1181 3049 qui
1203 2969 1263 3033 do-

141 3074 291 3139 micilium
313 3074 433 3137 habent
452 3076 486 3136 in
508 3075 691 3136 Provinciis
709 3072 899 3137 Foederatis
923 3074 973 3138 vel
994 3077 1062 3139 vice
1085 3095 1194 3154 verra,
1216 3073 1264 3160 nii

86 3192 89 3255 1
141 3180 298 3260 peculiare
330 3178 562 3254 decernendum
594 3182 719 3243 cenauit
740 3180 886 3242 Summus
909 3183 1078 3263 Pontifex,
1109 3180 1167 3244 sed
1189 3201 1263 3244 san-

142 3288 258 3350 stiones
281 3287 450 3348 cancnicar
473 3286 559 3347 larris
583 3287 693 3346 stricte
726 3287 888 3351 observari
919 3288 1015 3377 iussit
1038 3282 1114 3360 ¹⁴¹).
1157 3289 1263 3369 Atque

142 3390 212 3455 laec
234 3398 287 3454 est
307 3388 444 3454 celebris
464 3387 522 3454 illa
541 3388 722 3455 Declaratio
737 3391 965 3472 Benedictiua,
988 3412 1089 3475 quae,
1113 3393 1262 3473 quoniam

144 3498 338 3562 matrimonia
359 3484 680 3559 tam'haereticorum
710 3497 873 3576 interae,
903 3518 995 3580 qaum
1027 3498 1262 3591 haereticorum

147 3623 208 3666 eum
238 3599 419 3667 Catholicis
448 3604 543 3665 etiam
573 3604 643 3666 sine
676 3601 781 3665 forma
818 3623 877 3686 per
912 3604 1010 3668 conc.
1037 3602 1261 3667 Tridentiuunr

150 3711 332 3792 praeteripta
355 3706 460 3770 valida
480 3708 720 3791 pronunciavit,
749 3707 988 3781 memorabilem
1016 3711 1049 3772 in
1073 3712 1261 3792 quaestione
1342 3752 1344 3757 -

156 3809 185 3874 de
200 3802 305 3878 mixtis
328 3815 539 3877 matrimoniis
562 3815 799 3878 conversionem
819 3815 955 3879 induxit.

159 3913 384 3934 Ἦ-

212 3961 273 4028 tet)
291 3967 382 4017 Mon.
401 3965 445 4018 60.
463 3978 525 4030 pag.
543 3963 587 4016 19.
605 3992 641 4004 -
660 3967 695 4015 ct.
715 3977 783 4026 opus
802 3978 885 4029 caepa
904 3966 948 4016 cit.
969 3965 1020 4018 ss.
1040 3968 1074 4018 u.
1093 3968 1127 4018 N.
1145 3967 1264 4018 itane·

187 4051 268 4109 dicti
286 4056 372 4110 xiii.
391 4059 534 4107 declaratio
552 4070 630 4114 cuper
648 4058 824 4107 matrimoniis
843 4059 912 4107 inter
930 4061 1112 4113 Protectonter
1127 4068 1155 4109 er
1167 4059 1263 4108 cotic-

187 4142 241 4198 licor
257 4158 305 4204 rte.
326 4148 464 4201 Coloniae.
484 4144 573 4199 1746.
