2798 4838
597 247 826 321 -blb—

141 395 296 456 mimonls
317 393 413 455 mixis
435 395 563 455 mocisi
585 393 644 454 sub
666 392 851 455 conditione
867 392 1088 456 lietersalium
1120 394 1203 456 inire
1232 389 1275 455 li-

141 500 229 578 ente,
251 499 391 562 Peroebi
412 499 477 561 ritu
502 495 666 560 Ecclesiae
689 508 843 561 consueto
865 499 1079 561 matrimoniis
1111 497 1163 560 bis
1194 499 1277 561 assi·

140 606 291 682 stcbant,
313 602 434 685 illaque
456 603 704 686 benedicebant,
728 606 772 665 ita
795 611 871 687 post
891 603 994 684 legem
1017 622 1142 687 quoque
1164 603 1276 686 religi·

142 711 288 773 ouariem
310 711 460 791 coniugia·
478 712 577 772 mista
593 728 664 772 cum
676 708 902 776 lieveesolibus
918 711 998 772 inita
1019 709 1161 790 alioquin
1179 711 1276 772 bene-

140 814 331 878 dicebantur
352 834 411 899 per
431 816 614 892 Parecbosp
638 815 695 878 sed
717 815 881 879 fatendum
904 822 971 896 est,
992 817 1088 878 ritum
1106 817 1203 879 istum
1220 817 1275 878 be-

138 921 311 984 nedicendi
334 922 430 983 etiam
452 930 528 984 tuuc
549 922 729 984 adhibitum
751 921 854 985 inisse
884 922 916 982 in
938 923 1051 1002 Regno
1073 921 1275 1002 ilungariae,

139 1027 218 1089 dum
242 1025 351 1089 nullae
372 1047 431 1110 per
452 1028 597 1111 Sponsus
620 1027 819 1089 acatholicos
849 1029 977 1107 praevie
998 1030 1175 1110 praestitae
1204 1026 1274 1089 lue*

138 1142 214 1196 rant
235 1112 399 1195 cautiones
423 1151 520 1214 snper
551 1132 710 1195 catholica
733 1121 882 1215 prolium
908 1134 1108 1197 educatione.
1140 1130 1274 1196 Modum

138 1239 225 1301 bunc
246 1236 430 1300 celebrandi
452 1239 549 1300 roista
581 1240 803 1316 matrimonia,
833 1239 1006 1321 eademque
1036 1240 1275 1302 indiscrimina-
1396 1299 1398 1304 .

139 1347 200 1407 tim
223 1320 454 1422 benedicendi,
476 1345 646 1425 principiis
668 1345 835 1409 Ecclesiae
858 1346 1047 1409 Catholicae
1079 1345 1198 1427 oppido
1223 1364 1275 1406 re-

137 1457 331 1533 pugnantem
354 1451 470 1530 partim
495 1449 634 1513 delectui
656 1470 814 1533 congruae
836 1453 1059 1514 instructionis
1081 1449 1273 1514 l'raesuleae

138 1562 216 1634 post
236 1556 398 1619 conditam
420 1562 452 1617 et
473 1553 669 1636 publicatum
692 1556 796 1637 legem
825 1557 1064 1639 religioneriam
1094 1558 1153 1638 pro
1186 1556 1272 1618 dire-

136 1663 244 1724 ctione
266 1663 437 1723 Sacrorum
460 1662 634 1724 Curionum
657 1663 875 1725 deserviturae
897 1651 1133 1741 adscribimus,
1155 1662 1272 1742 partim

135 1765 190 1829 illi
220 1768 501 1846 eircumrtautiee,
533 1767 619 1848 quud
641 1771 735 1830 uerba
758 1768 859 1850 legiae
888 1785 1022 1849 „curum
1043 1773 1185 1829 Peracto
1207 1770 1273 1828 Co·

135 1874 275 1936 Μεθ’
307 1891 345 1933 eo
368 1891 466 1933 sensu
488 1881 623 1954 accepta
649 1873 791 1952 tuerint,
827 1881 862 1936 ut
892 1878 985 1936 matr.
1016 1875 1112 1935 mixta
1145 1891 1271 1952 semper

135 1979 303 2041 Parecbus
333 1978 398 2039 ritu
426 1977 507 2040 alias
535 1980 569 2040 io
600 1979 814 2043 celebratione
852 1979 1083 2042 connubiorum
1114 1982 1269 2052 consueto

134 2077 288 2165 copulare
311 2091 343 2146 et
365 2084 555 2146 benedicere
578 2087 622 2146 sit
645 2088 829 2148 obstrictus.
853 2088 896 2148 bit
912 2087 1019 2165 reipsa
1034 2083 1271 2164 copulationem

134 2198 229 2251 matr.
254 2191 422 2250 mixtorum
448 2210 503 2268 per
527 2191 691 2252 Parecltos
715 2190 900 2254 Catholicos
928 2186 1052 2272 'absque
1085 2190 1271 2251 discrimine

135 2295 372 2374 suscipiendam
401 2294 562 2375 complura
587 2299 688 2378 Regia
720 2299 883 2359 iusserunt
905 2298 1070 2359 intimata:
1105 2295 1271 2376 speciatim

134 2398 220 2461 tileo
242 2400 296 2460 dd.
321 2405 349 2462 9.
372 2400 506 2479 Augusti
535 2408 624 2465 1⁷92.
648 2402 810 2465 Parecbos
835 2423 872 2465 ee
895 2382 1039 2482 iliciana,
1072 2422 1110 2463 ne
1140 2399 1272 2484 copula·

1297 1859 1302 1897 l

133 2507 219 2567 tioui
241 2518 431 2584 sponsorum
448 2508 565 2568 mixtae
582 2507 749 2587 religionis
766 2510 910 2589 praecise
929 2528 967 2571 ex
987 2526 1043 2586 ec,
1067 2507 1152 2587 quieti
1173 2526 1271 2586 speu-
1387 2584 1390 2588 .

133 2630 192 2673 sue
216 2610 266 2671 vel
291 2622 409 2690 spensa
432 2612 603 2674 acatholici
636 2612 674 2673 ad
699 2612 949 2694 amplectendam
975 2614 1175 2694 ileli'gioncm
1207 2612 1270 2674 Cu*
1308 2602 1313 2612 ⁸

133 2715 289 2778 thelicam
313 2738 347 2778 se
371 2717 524 2780 difficiles
550 2720 736 2798 exhibeant,
768 2710 994 2799 impedimenta
1028 2726 1147 2800 ponant
1170 2715 1269 2793 ¹⁰⁰³);

132 2823 211 2883 item
234 2821 321 2884 aliud
344 2822 398 2884 dd.
423 2823 687 2903 9.1ipril.1799.
712 2825 751 2884 de
774 2824 977 2904 copulatione
1011 2828 1050 2887 ob
1082 2845 1145 2886 nun
1174 2845 1271 2907 prue-

133 2927 428 2991 stitaslteversales
451 2928 539 2991 beriti
562 2928 754 3008 deneganda.
770 2926 848 3001 ¹⁰⁰⁴)
862 2964 897 2983 -ψ
923 2933 1002 2992 Cum
1026 2943 1130 2992 tamen
1155 2931 1269 3012 proisi-

132 3035 217 3096 bitio
248 3032 330 3113 legis
359 3035 397 3095 de
428 3034 667 3116 impedimentis
705 3037 908 3097 matrimonio
940 3039 1038 3098 miste
1058 3020 1268 3118 'ti-equaquam

132 3139 292 3221 ponendis
314 3153 549 3221 nonnumquam
572 3154 610 3200 eo
635 3139 728 3219 pulaine
751 3142 992 3221 extenderetur,
1016 3151 1051 3204 nt
1066 3164 1130 3204 nce
1152 3145 1193 3204 ob
1210 3140 1266 3204 ue-
1392 3156 1396 3161 ’

130 3245 270 3327 gieetam
292 3262 311 3308 a·
335 3254 426 3326 parte
449 3245 607 3309 catltclica
630 3254 764 3308 Sacrum
786 3249 1022 3324 Confeeeiunem
1039 3248 1200 3331 copulatio
1225 3248 1267 3311 li·

129 3352 196 3414 citn
219 3350 341 3415 differri
363 3352 413 3414 vel
438 3355 550 3434 negari
571 3355 735 3435 potuerit:
758 3353 800 3451 ad
822 3354 1008 3416 hrriirsmedl
1032 3356 1181 3417 intimata
1204 3355 1266 3416 (lr-

167 3643 271 3729 179‘71.
296 3663 458 3739 manutentis
477 3660 606 3723 diximus,
621 3666 747 3722 apparet:
767 3661 795 3709 lo
814 3663 906 3711 errore
926 3662 1032 3711 versari
1052 3661 1206 3730 Auctorem¹
1226 3655 1264 3708 ii-

166 3753 249 3811 nelli:
269 3755 390 3805 litaturio
407 3753 546 3804 Ecclesiae
577 3753 757 3812 Esuupels'cce
789 3755 960 3814 Aspuetuuue
998 3753 1164 3812 Conferamus·
1189 3753 1266 3804 aaut·

166 3853 267 3897 aterum
289 3848 318 3897 s‘s
341 3845 481 3905 Huupurs‘u
507 3844 645 3907 universe,
681 3846 804 3901 precipue
846 3860 908 3895 nero
935 3846 965 3894 e'n
999 3847 1134 3895 Treuerico
1155 3836 1265 3915 oppidis

166 3934 297 3996 boenerii.
325 3926 504 3986 melberetudt.
530 3925 619 3986 1830.
647 3950 712 4003 pag,
737 3934 781 3988 95.
801 3952 823 3986 a.
843 3944 1032 3988 asserentem:
1052 3938 1218 3989 lieversaiea
1237 3943 1266 4001 pt
1384 3994 1387 3999 q

168 4024 230 4095 iege
243 4018 409 4079 etiutittua'tis
428 4036 460 4078 cn
484 4038 545 4078 suu.
574 4025 652 4078 1792.
672 4033 699 4076 et
718 4012 795 4084 1'793.
824 4029 991 4093 prohibitas,
1008 4030 1123 4092 'primum
1135 4025 1165 4080 ἰ.
1185 4027 1264 4078 1807.

166 4121 305 4170 restitutas
325 4121 419 4170 tuisse.
1215 4111 1218 4115 ’

92 4239 94 4242 >
204 4208 288 4272 1003)
307 4213 395 4261 tlon.
415 4210 476 4262 atu.
495 4224 557 4276 pag.
578 4209 638 4262 598.

204 4297 287 4364 1004)
307 4303 397 4354 bien.
417 4303 478 4352 att.
500 4315 561 4366 pag.
582 4300 640 4374 593.
