2798 4838
602 253 830 327 ..263-

149 406 365 481 asservatam,
388 400 472 463 bunc
493 397 534 462 ad
556 395 713 462 edendam
735 419 832 480 super
855 419 892 462 eo
915 396 1170 463 declarationem
1193 421 1272 482 pro-

15 576 17 584 ,
103 575 104 580 ,
148 525 284 571 vocare:
307 504 392 588 quod
406 507 439 568 ln
462 511 625 587 posterum
647 506 891 569 Instructionem
912 525 940 570 a.
965 508 1058 569 1834.
1080 505 1271 571 elaboratam

148 616 182 677 ln
202 611 436 696 pertractandis
459 614 567 675 mistis
597 613 719 695 nuptiis
747 632 808 695 pro
841 630 953 676 norma
981 617 1184 676 assumturus
1215 615 1271 690 sit:

58 781 62 803 Σ
149 719 307 800 simulque
328 719 370 781 ad
392 739 501 783 casum
530 717 697 782 ulterioris
728 721 919 788 renitentiae
949 718 1097 783 funestae
1130 717 1270 801 sequelae

149 826 349 891 adumbrare.
380 824 499 890 Verum
528 825 797 907 Archiepiscopus
834 827 1066 889 tentationibus
1098 827 1135 888 in
1166 829 1267 889 obver-

149 953 220 997 sum
241 932 473 1014 principiorum
488 929 655 994 Ecclesiae
672 931 857 994 Catholicae
881 931 1014 996 directis
1035 932 1168 996 fortiter
1183 935 1266 997 resti·

150 1039 211 1119 tit,
234 1036 357 1100 datisve
382 1041 432 1100 18.
456 1037 543 1117 Sept.
569 1042 660 1102 1837.
682 1037 725 1100 ad
747 1039 1012 1102 Commissarium
1033 1040 1173 1120 Regium
1202 1037 1264 1102 lite·

150 1145 216 1224 ris,
239 1145 357 1206 invicta
379 1145 559 1209 constantia
583 1143 776 1207 declaravit:
799 1148 839 1208 ab
862 1165 897 1208 se
918 1151 1013 1227 prout
1032 1141 1209 1222 hactenus,
1229 1145 1263 1206 ita

150 1248 350 1312 infuturum
372 1268 498 1331 quoque
520 1255 589 1312 tum
609 1251 710 1313 Breve
732 1250 973 1333 Apostolicum,
997 1259 1065 1314 tum
1087 1251 1262 1314 lnstructio·

111 1343 114 1347 ¹
150 1375 223 1417 nem
245 1357 318 1418 anni
343 1359 435 1418 1834.
457 1357 491 1416 in
514 1361 666 1436 quantum
687 1359 781 1420 Brevi
804 1364 978 1436 consonat,
997 1359 1116 1420 instar
1148 1375 1263 1419 normae
1297 1343 1305 1439 '¹

22 1516 33 1527 .
151 1461 185 1523 in
204 1460 439 1544 pertractandis
461 1464 629 1524 mixtarum
650 1466 832 1544 nuptiarum
855 1465 981 1527 casibus
1013 1461 1194 1525 adhibitum
1216 1461 1263 1524 iri:

152 1566 309 1646 simulque
331 1569 494 1647 quibusvis
517 1566 725 1632 ulterioribus
747 1571 781 1630 in
810 1571 873 1631 boc
902 1576 1020 1652 puncto
1051 1567 1264 1649 negotiationi·
1285 1638 1305 1654 ,Ι

150 1676 226 1740 bus.
250 1680 282 1736 et
307 1675 498 1736 tractatibus
528 1675 623 1736 tinem
655 1677 731 1754 poni
761 1677 876 1759 petiit,
906 1696 977 1738 eum
1006 1676 1078 1754 ipse
1117 1658 1157 1737 ab
1180 1693 1263 1736 enun-

151 1781 234 1843 ciata
257 1778 473 1844 declaratione
496 1800 553 1842 sua
581 1779 762 1843 nullatenus
793 1779 945 1844 recedere
975 1781 1101 1860 possit,
1130 1798 1262 1842 recessu·
1303 1823 1305 1866 3

90 1969 95 1976 Ι
125 1966 128 1972 ¹
151 1906 270 1967 rusque
293 1888 337 1948 sit
358 1906 539 1967 numquam.
566 1884 627 1959 ⁵¹⁵)
1303 1895 1305 1898 '

254 1991 290 2053 ln
311 2011 424 2053 vanum
445 1992 662 2054 recidentibus
685 1989 883 2073 quibuslibet
904 1990 1061 2053 Gubernii
1084 1991 1181 2073 Regii
1208 1996 1261 2053 ten·

153 2098 325 2159 taminibus
353 2095 395 2159 ad
423 2097 666 2178 expugnandum
694 2098 980 2179 Archiepiseopum
1011 2095 1185 2178 adhibitis,
1213 2077 1261 2159 lili·
1301 2104 1305 2137 '·

91 2238 93 2242 ι
153 2204 254 2266 nister
276 2223 338 2284 ope
360 2203 524 2284 Rescripti
546 2207 597 2266 24.
622 2205 773 2266 Octobris
798 2209 889 2265 1837.
913 2208 1032 2286 signati
1054 2202 1160 2268 eidem
1175 2203 1260 2266 nomi·

153 2329 192 2370 ne
208 2309 333 2389 Regio,
355 2309 423 2370 vice
444 2316 627 2391 postrema,
648 2316 805 2386 optionem
827 2307 934 2372 dedit:
957 2310 1031 2390 „vel
1054 2308 1141 2374 clare
1158 2316 1190 2372 et
1209 2309 1260 2370 sine
1303 2386 1305 2392 Ι

155 2411 223 2477 ulla
244 2400 458 2478 reservatione
480 2422 536 2478 aut
555 2417 759 2478 restrictione
791 2415 996 2496 declarandi,
1039 2415 1128 2497 quod
1157 2416 1260 2478 lustru·
1300 2398 1305 2489 i

154 2522 293 2584 ctionem
316 2522 389 2583 anni
414 2525 506 2584 1834.
530 2527 636 2583 exacte
660 2523 828 2583 observare
851 2521 947 2597 velit:
970 2519 1041 2600 vel,
1065 2522 1095 2584 si
1118 2520 1160 2584 ad
1182 2519 1260 2582 eden·

155 2625 227 2706 dam
249 2627 471 2690 huiuscemodi
494 2626 739 2690 declarationem
772 2629 985 2689 conscientiae
1015 2626 1178 2709 scrupulis
1202 2643 1261 2706 pro·

152 2733 338 2813 biberetur,
359 2753 487 2796 munere
510 2754 568 2795 suo
592 2754 627 2796 se
649 2733 840 2812 abdicandi,
864 2754 935 2796 cum
949 2753 1042 2795 secus
1065 2735 1187 2814 Regiae
1208 2729 1262 2792 Ma·

153 2841 262 2919 iestati
284 2843 464 2903 necessitas.
481 2841 663 2924 immineat,
678 2839 895 2902 iurisdictioni
917 2827 1165 2921 Archiepiscopi
1184 2838 1264 2898 tinen

131 2923 369 3026 ‘imponendi'’
394 2944 455 3019 ⁵¹⁶)
492 2948 575 3008 Huic
595 2947 717 3027 optioni
761 2945 968 3008 Ministeriali
1005 2945 1265 3027 Archiepiscopus
1302 2979 1305 2991 ι

116 3103 118 3112 .
154 3053 290 3132 Droste,
311 3052 446 3114 invictae
469 3054 501 3112 in
524 3051 752 3134 propugnanda
774 3050 939 3114 Ecclesiae
971 3052 1120 3115 doctrina
1151 3050 1267 3113 fortitu·

155 3157 238 3218 dinis
260 3158 328 3236 vir,
351 3156 610 3242 memorabilem,
634 3178 764 3238 eamque
786 3164 982 3240 postremam
1005 3158 1158 3240 opposuit
1174 3153 1268 3219 decla·
1298 3144 1305 3191 ·’

77 3264 82 3271 “
154 3262 330 3341 rationem,
362 3267 413 3323 31.
446 3264 576 3326 Octobr.
612 3270 702 3327 1837.
732 3265 909 3344 signatam:
944 3266 1069 3347 inqua
1100 3260 1269 3346 apostoliea
1303 3273 1305 3276 ’

155 3370 332 3430 constantia
356 3375 388 3430 et
408 3367 557 3432 libertate
579 3372 714 3452 primum
738 3390 792 3449 ea,
816 3390 897 3451 quae
920 3369 959 3431 de
981 3351 1075 3431 Brevi
1107 3367 1268 3432 Pontificio
1301 3394 1305 3482 p

154 3474 256 3536 instar
277 3493 404 3538 normae
426 3497 444 3538 a
468 3477 678 3539 sesumendo
701 3467 962 3541 identidemiam
984 3476 1180 3558 affirmavit,
1208 3493 1268 3555 gra·
1302 3494 1305 3562 p

154 3580 294 3642 vissimis
324 3582 430 3645 verbis
461 3585 645 3660 confirmat:
683 3588 750 3645 tum
778 3580 820 3643 ad
852 3582 1074 3663 expressiones
1115 3579 1269 3644 literarum

154 3687 297 3749 Ministri
325 3688 426 3750 minus
459 3690 631 3769 castigatas
662 3690 850 3767 reflectens,
880 3686 1039 3768 intrepide
1073 3685 1270 3768 pronunciat:

157 3811 192 3854 se
214 3811 277 3853 nou
298 3792 460 3872 scrupulis
484 3795 715 3873 conscientiae,
738 3775 843 3855 verum
868 3813 905 3855 ex
934 3794 1047 3855 intima
1083 3791 1269 3855 convictione

155 3894 406 3961 declarationem
428 3900 510 3963 hanc
533 3900 636 3962 denuo
669 3898 783 3978 edere,
816 3894 914 3980 seque
946 3898 1100 3980 credere,
1130 3878 1266 3961 neminen

226 4151 293 4218 313)
319 4158 473 4219 Darteponp
498 4159 545 4205 aes
573 4157 732 4216 Versobrec:
757 4157 806 4205 der
828 4158 934 4206 Reuss.
962 4154 1116 4216 Reoieroca
1143 4160 1189 4206 cte.
1210 4143 1259 4199 Bell

191 4261 217 4305 ιι.
236 4243 361 4297 32-36.

130 4413 132 4416 Ι
226 4333 292 4401 316)
311 4339 403 4388 Mon.
422 4337 483 4390 199.
502 4352 564 4404 pag.
583 4338 643 4392 2711.
663 4364 698 4380 -·
719 4342 870 4402 Dorleesoe
887 4345 936 4389 etc.
956 4337 1027 4390 neec.
1046 4351 1072 4395 c.
1091 4336 1143 4388 80.
