2798 4838
505 265 733 336 -239-

47 425 112 486 quo
144 414 344 490 praesentem
372 408 535 489 Epocham
566 411 680 471 merito
711 407 873 488 ordimur,
911 409 1059 492 adjuncta
1089 428 1173 472 nuno

52 513 114 572 laus
136 514 267 575 uberius
289 518 363 575 sunt
385 514 568 576 enarranda.
596 516 677 576 Ante
700 515 806 578 omnia
827 520 933 578 autem
954 521 1174 597 argumentum

57 615 310 700 Apostolicarum
340 617 507 681 literarum
537 619 588 685 die
620 626 670 682 25.
695 619 806 683 Martii
836 625 927 683 1880.
960 627 1175 684 emanaturum

62 725 273 803 proponimus.

154 830 302 891 Summus
324 828 473 892 Pontifex
495 831 638 910 exposita
658 832 693 892 in
714 829 851 911 prologo
875 833 1043 894 occasione
1064 833 1174 895 Brevis

72 955 99 996 ιι
115 932 217 996 literis
241 936 473 996 recurrentium
495 937 732 1016 Episcoporuus
761 943 883 1014 sumta,
915 958 995 1018 quae
1025 935 1177 999 videlicet

10 1068 12 1073 ·
73 1039 156 1120 legem
178 1039 304 1103 civilem
335 1041 366 1101 in
389 1041 544 1103 Borussia
566 1042 722 1104 Rhenana
749 1040 847 1105 latam
869 1046 1085 1107 testabantur:
1114 1049 1176 1122 „ut

75 1147 97 1205 iu
114 1153 200 1213 matr.
219 1148 326 1207 mixtis
349 1145 446 1208 liberi
467 1148 633 1227 utriusque
663 1167 757 1209 sexus
784 1150 819 1209 in
840 1149 1044 1211 confessione
1074 1149 1175 1231 patris

77 1250 248 1331 educentur,
271 1259 304 1313 et
325 1251 517 1314 Sacerdotes
538 1273 556 1314 a
575 1254 722 1332 personis
745 1253 889 1316 diversae
911 1252 1080 1335 religionis
1104 1240 1176 1317 uul-

76 1353 121 1417 lam
140 1377 236 1436 super
257 1355 466 1437 religiosaria
488 1356 629 1439 prolium
651 1357 838 1422 educatione
860 1355 1065 1441 sponsionem
1089 1360 1175 1423 exul·

77 1443 163 1538 piant''
184 1494 222 1505 —
254 1483 326 1525 mox
364 1463 397 1525 in
428 1460 561 1527 exordio
599 1462 758 1525 declarat:
795 1484 859 1526 non
889 1483 987 1545 posse
1026 1486 1045 1528 a
1073 1484 1110 1527 se
1139 1484 1177 1528 ea

77 1569 159 1631 onnia
181 1569 346 1648 permitti,
379 1589 458 1648 quae
480 1567 521 1630 ad
544 1568 864 1651 executionem-legis
895 1569 992 1645 illius
1013 1592 1032 1633 a
1050 1569 1183 1631 (iubes-2

76 1673 113 1734 nio
139 1675 312 1735 Borussico
343 1675 583 1750 desiderantum
615 1675 680 1736 imo
704 1677 813 1756 potius
843 1675 1004 1737 confidere
1027 1693 1081 1754 se,
1112 1675 1178 1736 Re·
1280 1665 1300 1703 ‘¹'

78 1797 129 1856 gem
147 1781 320 1841 Borussiae
342 1781 514 1860 Episcopis
547 1787 579 1841 et
599 1781 750 1859 parochis
779 1800 976 1860 nequaquam
1006 1799 1177 1842 succensu-

44 1954 55 1973 ,
78 1903 144 1964 rum,
165 1885 194 1946 si
215 1887 249 1972 ip
271 1886 332 1963 iis,
356 1906 435 1964 quae
457 1905 523 1947 non
544 1884 653 1951 civiles
676 1886 871 1967 matrimonii
894 1886 1046 1966 effectus,
1059 1900 1179 1972 ¹senum

42 1996 47 2003 '
80 1989 156 2067 ipsam
184 1989 327 2052 eiusdem
358 1991 599 2087 sanctitatem,¹
621 1999 654 2052 et
685 1991 793 2054 cilicia
819 1990 972 2076 religiosa
1008 1993 1179 2074 coniugum

81 2097 252 2175 respiciunt,
283 2093 372 2176 leges
403 2095 570 2159 Ecclesiae
604 2096 791 2160 Catholicae
835 2096 1074 2162 custodiveriut.
1116 2099 1178 2164 His

82 2203 261 2280 praemissis,
291 2204 325 2274 a)
357 2201 536 2271 doctrinam
557 2201 723 2265 Ecclesiae
753 2203 791 2265 de
822 2205 1035 2267 matrimoniis
1067 2205 1177 2266 mixtis
1210 2186 1212 2191 ⁵

44 2368 48 2375 ,
83 2309 202 2384 exponit:
233 2327 269 2368 ca
290 2308 441 2369 nimirum
463 2315 647 2370 constanter
667 2309 831 2390 prohibita
852 2310 975 2388 luisse,
1004 2329 1063 2371 nec
1084 2308 1179 2372 alites

82 2409 213 2491 admissa,
246 2415 390 2491 quamsi
421 2421 452 2475 et
481 2416 655 2495 aconiuge
681 2413 839 2476 catholico
875 2435 966 2478 omne
1000 2399 1178 2498 perversio-

80 2517 112 2576 uis
129 2516 306 2600 periculum
330 2524 489 2599 amotum,
527 2528 562 2582 et
580 2521 772 2601 praeprimis
805 2523 943 2583 omnium
975 2521 1114 2602 prolium
1144 2524 1178 2583 ln
1211 2598 1213 2602 Α

79 2620 123 2685 ide
151 2623 311 2687 catholica
343 2623 490 2687 educatio
526 2627 560 2686 in
591 2633 663 2687 tuto
696 2628 804 2704 posita
832 2620 927 2688 esset.
963 2628 1047 2688 ilinc
1079 2626 1179 2688 infert

10 2766 14 2784 .
79 2723 220 2792 Pontifex:
253 2750 287 2792 se
322 2729 504 2792 nullatenus
534 2733 575 2792 iis
607 2732 758 2792 assentiri
781 2749 897 2811 posse,
928 2752 986 2823 per
1016 2752 1097 2813 quae
1121 2751 1179 2794 seu
1218 2715 1225 2727 ’
1282 2748 1285 2753 ·

77 2837 157 2897 uerbis
184 2855 241 2898 seu
266 2836 363 2898 iactis
389 2839 486 2898 mixta
512 2837 713 2929 unatrimonia
742 2837 810 2901 sine
842 2835 1026 2898 discrimine
1059 2857 1180 2917 appro-

75 2938 213 3003 barentur.
253 2943 290 3016 h)
314 2942 502 3039 Sequentem
532 2962 677 3031 normam
710 2943 743 3002 in
776 2941 990 3004 celebratione
1022 2941 1180 3011 eiusmodi

72 3049 284 3110 connubiorum
305 3030 515 3129 ριιιιιιὶιιίιέ
544 3056 666 3129 partem
690 3046 880 3133 catholicam
907 3049 992 3110 serio
1019 3069 1056 3110 ac
1082 3051 1180 3113 itera·

27 3150 30 3159 '
69 3152 101 3213 tis
124 3155 247 3215 vicibus
274 3152 505 3216 admonendam
540 3175 630 3233 csse,
661 3139 695 3215 ut
720 3157 759 3217 ab
792 3154 931 3227 ineundo
965 3161 1057 3217 matr.
1080 3156 1179 3218 mixto

70 3254 209 3337 desistat,
243 3261 272 3321 si
297 3280 371 3320 sero
396 3261 428 3321 in
456 3262 622 3343 proposito
648 3246 709 3359 saro
735 3258 799 3323 tale
820 3263 1013 3357 coniugium
1047 3260 1180 3323 ineundi

67 3370 256 3444 perseveret,
279 3364 395 3445 dogma
416 3363 619 3459 Religionis
623 3367 662 3428 de
686 3388 748 3430 suna
764 3352 909 3441 salvifica
924 3367 988 3431 fide
1008 3369 1038 3429 ei
1061 3369 1093 3427 in
1113 3385 1180 3431 me·¹
1235 3391 1236 3394 ¹

22 3536 25 3541 ,
68 3472 188 3533 noriam
215 3470 446 3555 revocandum,
478 3435 741 3553 declarandumve
763 3490 855 3553 esse,
879 3493 947 3535 eam
973 3476 1008 3535 in
1035 3454 1193 3535 sobolem.

16 3554 19 3559 ¹
69 3591 144 3638 suam
171 3576 344 3638 iuturam'
335 3597 398 3638 ram
418 3597 500 3638 nunc
510 3562 740 3639 crudelissime
763 3584 925 3656 acturam,
952 3579 981 3668 si
1008 3577 1112 3640 sciens
1139 3575 1181 3638 ll·

69 3675 119 3744 llus
144 3682 383 3775 educationem.
393 3681 670 3779 religionariam'
661 3703 696 3773 ¹¹¹.
710 3685 851 3780 :arbitrio
862 3658 987 3776 ¹partis
1021 3681 1181 3745 acatholl·
1191 3760 1194 3764 ι

72 3803 111 3848 eae
135 3787 294 3867 futuram,
324 3790 452 3869 nuptias
488 3810 563 3863 cum
584 3788 643 3852 illa
651 3765 873 3886 contraxerit,
919 3789 1055 3877 Munitis
1078 3789 1181 3857 amnt-

73 3887 115 3954 ιιι
140 3895 173 3955 in
197 3895 325 3956 irritum
359 3893 567 3974 cadentibus,
593 3914 781 3987 personam
795 3894 988 3979 catholicam
1018 3915 1083 3971 uon
1110 3914 1182 3959 esse

19 4052 23 4067 ,
76 3999 183 4072 quidem
215 4020 273 4081 per
298 4021 448 4062 censuras
483 4003 517 4062 iu
545 4000 635 4063 illam
661 4003 846 4067 nominatim
874 4021 1066 4092 ιιιιιιιιιι
1079 4002 1181 4066 corrl-.

77 4101 224 4185 piendam,
245 4127 285 4167 ne
307 4105 462 4169 tumultus
485 4110 657 4209 excitetur,
689 4113 735 4167 et
742 4108 907 4198 grauiora
918 4111 967 4171 rei
1001 4106 1182 4171 catholicae

73 4209 140 4274 uala
167 4214 355 4288 obveniant3
387 4212 445 4275 sed
473 4212 568 4275 simul
598 4192 820 4275 abstinendum
848 4214 990 4297 parocho
1021 4209 1181 4276 catholico

70 4321 129 4379 ttae
158 4316 335 4401 aquolihet
360 4326 453 4402 actu,
494 4340 556 4401 quo
587 4321 749 4408 puptias
746 4317 830 4405 tales
861 4322 997 4402 probare
1026 4317 1181 4398 videatur,
