<?xml version="1.0" encoding="UTF-8"?>
<!DOCTYPE html PUBLIC "-//W3C//DTD XHTML 1.0 Transitional//EN"
    "http://www.w3.org/TR/xhtml1/DTD/xhtml1-transitional.dtd">
<html xmlns="http://www.w3.org/1999/xhtml" xml:lang="en" lang="en">
 <head>
  <title>
</title>
<meta http-equiv="Content-Type" content="text/html;charset=utf-8" />
  <meta name='ocr-system' content='tesseract 3.04.00' />
  <meta name='ocr-capabilities' content='ocr_page ocr_carea ocr_par ocr_line ocrx_word'/>
</head>
<body>
  <div class='ocr_page' id='page_1' title='image "./dematrimoniismi01roskgoog_0044.png"; bbox 0 0 2798 4838; ppageno 0'>
   <div class='ocr_carea' id='block_1_1' title="bbox 580 240 781 312">
    <p class='ocr_par' dir='ltr' id='par_1_1' title="bbox 580 240 781 312">
     <span class='ocr_line' id='line_1_1' title="bbox 580 240 781 312; baseline -0.005 -19"><span class='ocrx_word' id='word_1_1' title='bbox 580 240 781 312; x_wconf 75' lang='lat' dir='ltr'><strong>..lp-</strong></span> 
     </span>
    </p>
   </div>
   <div class='ocr_carea' id='block_1_2' title="bbox 94 381 1247 2676">
    <p class='ocr_par' dir='ltr' id='par_1_2' title="bbox 94 381 1247 2676">
     <span class='ocr_line' id='line_1_2' title="bbox 151 381 1243 465; baseline 0.001 -19"><span class='ocrx_word' id='word_1_2' title='bbox 151 381 258 448; x_wconf 62' lang='lat' dir='ltr'><strong>ursus·</strong></span> <span class='ocrx_word' id='word_1_3' title='bbox 280 383 314 445; x_wconf 91' lang='lat' dir='ltr'><strong>in</strong></span> <span class='ocrx_word' id='word_1_4' title='bbox 336 382 469 465; x_wconf 77' lang='lat' dir='ltr'><strong>Synodo</strong></span> <span class='ocrx_word' id='word_1_5' title='bbox 491 387 680 446; x_wconf 66' lang='lat' dir='ltr'><strong>vermem</strong></span> <span class='ocrx_word' id='word_1_6' title='bbox 699 404 727 447; x_wconf 91' lang='lat' dir='ltr'><strong>a.</strong></span> <span class='ocrx_word' id='word_1_7' title='bbox 752 387 843 448; x_wconf 75' lang='lat'><strong>156⁰.</strong></span> <span class='ocrx_word' id='word_1_8' title='bbox 864 384 1023 447; x_wconf 72' lang='lat' dir='ltr'><strong>referente</strong></span> <span class='ocrx_word' id='word_1_9' title='bbox 1044 384 1157 450; x_wconf 74' lang='lat' dir='ltr'><strong>eedem</strong></span> <span class='ocrx_word' id='word_1_10' title='bbox 1187 405 1243 448; x_wconf 91' lang='lat' dir='ltr'><strong>au-</strong></span> 
     </span>
     <span class='ocr_line' id='line_1_3' title="bbox 150 485 1244 574; baseline 0.002 -23"><span class='ocrx_word' id='word_1_11' title='bbox 150 496 234 574; x_wconf 78' lang='lat' dir='ltr'><strong>ctore,</strong></span> <span class='ocrx_word' id='word_1_12' title='bbox 259 485 303 562; x_wconf 80' lang='lat'><strong>¹¹)</strong></span> <span class='ocrx_word' id='word_1_13' title='bbox 334 489 537 568; x_wconf 75' lang='lat' dir='ltr'><strong>„quaesitum</strong></span> <span class='ocrx_word' id='word_1_14' title='bbox 575 488 639 550; x_wconf 83' lang='lat' dir='ltr'><strong>Iuit</strong></span> <span class='ocrx_word' id='word_1_15' title='bbox 669 489 708 551; x_wconf 80' lang='lat' dir='ltr'><strong>de</strong></span> <span class='ocrx_word' id='word_1_16' title='bbox 735 487 848 550; x_wconf 83' lang='lat' dir='ltr'><strong>liberie</strong></span> <span class='ocrx_word' id='word_1_17' title='bbox 877 491 1092 570; x_wconf 87' lang='lat' dir='ltr'><strong>papirtarom,</strong></span> <span class='ocrx_word' id='word_1_18' title='bbox 1123 508 1185 571; x_wconf 85' lang='lat' dir='ltr'><strong>on,</strong></span> <span class='ocrx_word' id='word_1_19' title='bbox 1214 491 1244 553; x_wconf 86' lang='grc' dir='ltr'><strong>ι1</strong></span> 
     </span>
     <span class='ocr_line' id='line_1_4' title="bbox 149 591 1245 672; baseline 0.003 -16"><span class='ocrx_word' id='word_1_20' title='bbox 149 595 309 656; x_wconf 77' lang='lat' dir='ltr'><strong>reformatis</strong></span> <span class='ocrx_word' id='word_1_21' title='bbox 330 591 515 672; x_wconf 74' lang='lat' dir='ltr'><strong>baptisaudl</strong></span> <span class='ocrx_word' id='word_1_22' title='bbox 536 593 725 672; x_wconf 82' lang='lat' dir='ltr'><strong>offerantur,</strong></span> <span class='ocrx_word' id='word_1_23' title='bbox 757 594 792 655; x_wconf 92' lang='lat' dir='ltr'><strong>in</strong></span> <span class='ocrx_word' id='word_1_24' title='bbox 820 593 992 657; x_wconf 84' lang='lat' dir='ltr'><strong>reiormato</strong></span> <span class='ocrx_word' id='word_1_25' title='bbox 1023 592 1159 658; x_wconf 85' lang='lat' dir='ltr'><strong>ecclcria</strong></span> <span class='ocrx_word' id='word_1_26' title='bbox 1186 596 1245 660; x_wconf 79' lang='lat' dir='ltr'><strong>ba·</strong></span> 
     </span>
     <span class='ocr_line' id='line_1_5' title="bbox 149 697 1245 783; baseline 0.003 -22"><span class='ocrx_word' id='word_1_27' title='bbox 149 701 237 781; x_wconf 78' lang='lat' dir='ltr'><strong>plicari</strong></span> <span class='ocrx_word' id='word_1_28' title='bbox 257 700 408 783; x_wconf 68' lang='lat' dir='ltr'><strong>pertint,</strong></span> <span class='ocrx_word' id='word_1_29' title='bbox 429 719 467 760; x_wconf 93' lang='lat' dir='ltr'><strong>ac</strong></span> <span class='ocrx_word' id='word_1_30' title='bbox 489 698 649 761; x_wconf 71' lang='lat' dir='ltr'><strong>deliranti</strong></span> <span class='ocrx_word' id='word_1_31' title='bbox 670 701 839 761; x_wconf 83' lang='lat' dir='ltr'><strong>Decretum</strong></span> <span class='ocrx_word' id='word_1_32' title='bbox 859 698 941 780; x_wconf 83' lang='lat' dir='ltr'><strong>init,</strong></span> <span class='ocrx_word' id='word_1_33' title='bbox 963 697 1163 779; x_wconf 65' lang='lat' dir='ltr'><strong>quodlibet</strong></span> <span class='ocrx_word' id='word_1_34' title='bbox 1187 720 1245 782; x_wconf 86' lang='lat' dir='ltr'><strong>pa·</strong></span> 
     </span>
     <span class='ocr_line' id='line_1_6' title="bbox 149 785 1244 887; baseline 0.001 -20"><span class='ocrx_word' id='word_1_35' title='bbox 149 807 280 884; x_wconf 85' lang='lat' dir='ltr'><strong>pietamm</strong></span> <span class='ocrx_word' id='word_1_36' title='bbox 311 785 398 886; x_wconf 81' lang='lat' dir='ltr'><strong>apud</strong></span> <span class='ocrx_word' id='word_1_37' title='bbox 427 803 616 867; x_wconf 80' lang='lat' dir='ltr'><strong>reformator</strong></span> <span class='ocrx_word' id='word_1_38' title='bbox 655 805 697 867; x_wconf 85' lang='lat' dir='ltr'><strong>ad</strong></span> <span class='ocrx_word' id='word_1_39' title='bbox 725 806 915 887; x_wconf 83' lang='lat' dir='ltr'><strong>baptirrnorn</strong></span> <span class='ocrx_word' id='word_1_40' title='bbox 952 804 1151 868; x_wconf 83' lang='lat' dir='ltr'><strong>admittendi</strong></span> <span class='ocrx_word' id='word_1_41' title='bbox 1180 825 1244 868; x_wconf 76' lang='lat' dir='ltr'><strong>nen</strong></span> 
     </span>
     <span class='ocr_line' id='line_1_7' title="bbox 150 912 1246 991; baseline 0.002 -19"><span class='ocrx_word' id='word_1_42' title='bbox 150 913 211 990; x_wconf 85' lang='lat' dir='ltr'><strong>riui,</strong></span> <span class='ocrx_word' id='word_1_43' title='bbox 231 912 295 972; x_wconf 88' lang='lat' dir='ltr'><strong>niri</strong></span> <span class='ocrx_word' id='word_1_44' title='bbox 316 916 410 991; x_wconf 86' lang='lat' dir='ltr'><strong>pater</strong></span> <span class='ocrx_word' id='word_1_45' title='bbox 431 917 463 971; x_wconf 87' lang='lat' dir='ltr'><strong>et</strong></span> <span class='ocrx_word' id='word_1_46' title='bbox 491 917 594 972; x_wconf 88' lang='lat' dir='ltr'><strong>mater</strong></span> <span class='ocrx_word' id='word_1_47' title='bbox 621 912 806 972; x_wconf 73' lang='lat' dir='ltr'><strong>auctoritati</strong></span> <span class='ocrx_word' id='word_1_48' title='bbox 836 930 912 972; x_wconf 83' lang='lat' dir='ltr'><strong>auae</strong></span> <span class='ocrx_word' id='word_1_49' title='bbox 941 912 1182 990; x_wconf 77' lang='lat' dir='ltr'><strong>renunciarent,</strong></span> <span class='ocrx_word' id='word_1_50' title='bbox 1213 917 1246 974; x_wconf 85' lang='lat' dir='ltr'><strong>et</strong></span> 
     </span>
     <span class='ocr_line' id='line_1_8' title="bbox 94 1016 1246 1097; baseline 0 -19"><span class='ocrx_word' id='word_1_51' title='bbox 94 1016 97 1097; x_wconf 69' lang='lat' dir='ltr'><strong>i</strong></span> <span class='ocrx_word' id='word_1_52' title='bbox 150 1019 183 1078; x_wconf 83' lang='lat' dir='ltr'><strong>ier</strong></span> <span class='ocrx_word' id='word_1_53' title='bbox 201 1034 288 1079; x_wconf 81' lang='lat' dir='ltr'><strong>enum</strong></span> <span class='ocrx_word' id='word_1_54' title='bbox 311 1017 490 1095; x_wconf 70' lang='lat' dir='ltr'><strong>susceptori</strong></span> <span class='ocrx_word' id='word_1_55' title='bbox 509 1017 724 1096; x_wconf 78' lang='lat' dir='ltr'><strong>resignarent,</strong></span> <span class='ocrx_word' id='word_1_56' title='bbox 745 1017 963 1097; x_wconf 74' lang='lat' dir='ltr'><strong>permittente·</strong></span> <span class='ocrx_word' id='word_1_57' title='bbox 986 1016 1138 1078; x_wconf 82' lang='lat' dir='ltr'><strong>infantem</strong></span> <span class='ocrx_word' id='word_1_58' title='bbox 1154 1032 1246 1078; x_wconf 83' lang='grc' dir='ltr'><strong>ιιιιιιι</strong></span> 
     </span>
     <span class='ocr_line' id='line_1_9' title="bbox 94 1106 1244 1211; baseline 0.001 -28"><span class='ocrx_word' id='word_1_59' title='bbox 94 1106 97 1211; x_wconf 57' lang='lat' dir='ltr'><strong>l</strong></span> <span class='ocrx_word' id='word_1_60' title='bbox 150 1121 347 1201; x_wconf 78' lang='lat' dir='ltr'><strong>irreligione</strong></span> <span class='ocrx_word' id='word_1_61' title='bbox 376 1120 547 1182; x_wconf 83' lang='lat' dir='ltr'><strong>reformata</strong></span> <span class='ocrx_word' id='word_1_62' title='bbox 586 1120 747 1182; x_wconf 79' lang='lat' dir='ltr'><strong>educari.”</strong></span> <span class='ocrx_word' id='word_1_63' title='bbox 779 1118 925 1202; x_wconf 84' lang='lat' dir='ltr'><strong>Synodua</strong></span> <span class='ocrx_word' id='word_1_64' title='bbox 965 1125 1186 1199; x_wconf 62' lang='lat' dir='ltr'><strong>Lugdunensis</strong></span> <span class='ocrx_word' id='word_1_65' title='bbox 1215 1140 1244 1184; x_wconf 84' lang='lat' dir='ltr'><strong>a.</strong></span> 
     </span>
     <span class='ocr_line' id='line_1_10' title="bbox 152 1215 1245 1305; baseline 0.003 -19"><span class='ocrx_word' id='word_1_66' title='bbox 152 1215 221 1289; x_wconf 66' lang='grc'><strong>1163.</strong></span> <span class='ocrx_word' id='word_1_67' title='bbox 240 1226 418 1289; x_wconf 74' lang='lat' dir='ltr'><strong>districtim</strong></span> <span class='ocrx_word' id='word_1_68' title='bbox 439 1226 606 1304; x_wconf 79' lang='lat' dir='ltr'><strong>prohibuit</strong></span> <span class='ocrx_word' id='word_1_69' title='bbox 633 1227 837 1305; x_wconf 75' lang='lat' dir='ltr'><strong>pastoribus,</strong></span> <span class='ocrx_word' id='word_1_70' title='bbox 865 1226 1071 1289; x_wconf 81' lang='lat' dir='ltr'><strong>reformatum</strong></span> <span class='ocrx_word' id='word_1_71' title='bbox 1100 1245 1170 1288; x_wconf 87' lang='lat' dir='ltr'><strong>cum</strong></span> <span class='ocrx_word' id='word_1_72' title='bbox 1191 1245 1245 1289; x_wconf 84' lang='lat' dir='ltr'><strong>ca·</strong></span> 
     </span>
     <span class='ocr_line' id='line_1_11' title="bbox 150 1329 1245 1412; baseline 0.002 -20"><span class='ocrx_word' id='word_1_73' title='bbox 150 1330 262 1411; x_wconf 79' lang='lat' dir='ltr'><strong>thelica,</strong></span> <span class='ocrx_word' id='word_1_74' title='bbox 294 1339 329 1393; x_wconf 87' lang='lat' dir='ltr'><strong>et</strong></span> <span class='ocrx_word' id='word_1_75' title='bbox 357 1331 498 1391; x_wconf 84' lang='lat' dir='ltr'><strong>vicireirn</strong></span> <span class='ocrx_word' id='word_1_76' title='bbox 528 1330 695 1410; x_wconf 89' lang='lat' dir='ltr'><strong>copulare,</strong></span> <span class='ocrx_word' id='word_1_77' title='bbox 724 1331 787 1392; x_wconf 80' lang='lat' dir='ltr'><strong>nisi</strong></span> <span class='ocrx_word' id='word_1_78' title='bbox 817 1329 976 1394; x_wconf 85' lang='lat' dir='ltr'><strong>catholica</strong></span> <span class='ocrx_word' id='word_1_79' title='bbox 1005 1350 1079 1412; x_wconf 82' lang='lat' dir='ltr'><strong>para</strong></span> <span class='ocrx_word' id='word_1_80' title='bbox 1117 1333 1245 1412; x_wconf 80' lang='lat' dir='ltr'><strong>praevie</strong></span> 
     </span>
     <span class='ocr_line' id='line_1_12' title="bbox 150 1433 1245 1517; baseline 0.001 -19"><span class='ocrx_word' id='word_1_81' title='bbox 150 1435 236 1498; x_wconf 75' lang='lat' dir='ltr'><strong>relicto</strong></span> <span class='ocrx_word' id='word_1_82' title='bbox 258 1433 485 1499; x_wconf 82' lang='lat' dir='ltr'><strong>catholieiemo</strong></span> <span class='ocrx_word' id='word_1_83' title='bbox 506 1434 548 1497; x_wconf 84' lang='lat' dir='ltr'><strong>ad</strong></span> <span class='ocrx_word' id='word_1_84' title='bbox 578 1435 768 1499; x_wconf 81' lang='lat' dir='ltr'><strong>reformator</strong></span> <span class='ocrx_word' id='word_1_85' title='bbox 798 1442 948 1508; x_wconf 74' lang='lat' dir='ltr'><strong>tranacat</strong></span> <span class='ocrx_word' id='word_1_86' title='bbox 979 1435 1126 1517; x_wconf 81' lang='lat' dir='ltr'><strong>Synodur</strong></span> <span class='ocrx_word' id='word_1_87' title='bbox 1157 1442 1245 1499; x_wconf 79' lang='lat' dir='ltr'><strong>Seu·</strong></span> 
     </span>
     <span class='ocr_line' id='line_1_13' title="bbox 150 1538 1246 1623; baseline 0.003 -21"><span class='ocrx_word' id='word_1_88' title='bbox 150 1548 282 1604; x_wconf 68' lang='lat' dir='ltr'><strong>carcaria</strong></span> <span class='ocrx_word' id='word_1_89' title='bbox 312 1562 346 1607; x_wconf 89' lang='lat' dir='ltr'><strong>a.</strong></span> <span class='ocrx_word' id='word_1_90' title='bbox 375 1545 467 1602; x_wconf 81' lang='grc'><strong>1596.</strong></span> <span class='ocrx_word' id='word_1_91' title='bbox 497 1539 687 1623; x_wconf 78' lang='lat' dir='ltr'><strong>postulavit:</strong></span> <span class='ocrx_word' id='word_1_92' title='bbox 718 1547 750 1603; x_wconf 89' lang='lat' dir='ltr'><strong>ut</strong></span> <span class='ocrx_word' id='word_1_93' title='bbox 787 1538 955 1622; x_wconf 79' lang='lat' dir='ltr'><strong>copulandi</strong></span> <span class='ocrx_word' id='word_1_94' title='bbox 987 1543 1076 1622; x_wconf 85' lang='lat' dir='ltr'><strong>priue</strong></span> <span class='ocrx_word' id='word_1_95' title='bbox 1116 1562 1246 1605; x_wconf 88' lang='lat' dir='ltr'><strong>coenam</strong></span> 
     </span>
     <span class='ocr_line' id='line_1_14' title="bbox 150 1644 1246 1731; baseline 0.003 -25"><span class='ocrx_word' id='word_1_96' title='bbox 150 1644 252 1708; x_wconf 83' lang='lat' dir='ltr'><strong>lumini</strong></span> <span class='ocrx_word' id='word_1_97' title='bbox 270 1647 479 1709; x_wconf 80' lang='lat' dir='ltr'><strong>iuxtaritum</strong></span> <span class='ocrx_word' id='word_1_98' title='bbox 501 1645 692 1707; x_wconf 81' lang='lat' dir='ltr'><strong>reformatae</strong></span> <span class='ocrx_word' id='word_1_99' title='bbox 726 1646 937 1731; x_wconf 77' lang='lat' dir='ltr'><strong>confessionir</strong></span> <span class='ocrx_word' id='word_1_100' title='bbox 967 1651 1103 1708; x_wconf 77' lang='lat' dir='ltr'><strong>eumont</strong></span> <span class='ocrx_word' id='word_1_101' title='bbox 1132 1648 1166 1709; x_wconf 91' lang='lat' dir='ltr'><strong>in</strong></span> <span class='ocrx_word' id='word_1_102' title='bbox 1186 1647 1246 1729; x_wconf 85' lang='lat' dir='ltr'><strong>Sy-</strong></span> 
     </span>
     <span class='ocr_line' id='line_1_15' title="bbox 153 1748 1244 1833; baseline 0.002 -23"><span class='ocrx_word' id='word_1_103' title='bbox 153 1749 221 1812; x_wconf 86' lang='lat' dir='ltr'><strong>nelo</strong></span> <span class='ocrx_word' id='word_1_104' title='bbox 238 1770 305 1814; x_wconf 81' lang='lat' dir='ltr'><strong>rere</strong></span> <span class='ocrx_word' id='word_1_105' title='bbox 328 1748 493 1813; x_wconf 89' lang='lat' dir='ltr'><strong>Nationali</strong></span> <span class='ocrx_word' id='word_1_106' title='bbox 515 1751 609 1814; x_wconf 76' lang='lat' dir='ltr'><strong>liv-a</strong></span> <span class='ocrx_word' id='word_1_107' title='bbox 631 1753 664 1812; x_wconf 89' lang='lat' dir='ltr'><strong>iu</strong></span> <span class='ocrx_word' id='word_1_108' title='bbox 687 1755 794 1813; x_wconf 82' lang='lat' dir='ltr'><strong>Monte</strong></span> <span class='ocrx_word' id='word_1_109' title='bbox 809 1755 981 1812; x_wconf 69' lang='lat' dir='ltr'><strong>Formione</strong></span> <span class='ocrx_word' id='word_1_110' title='bbox 1005 1748 1244 1833; x_wconf 88' lang='lat' dir='ltr'><strong>(Montpeliier)</strong></span> 
     </span>
     <span class='ocr_line' id='line_1_16' title="bbox 153 1855 1246 1936; baseline 0.002 -19"><span class='ocrx_word' id='word_1_111' title='bbox 153 1862 270 1921; x_wconf 80' lang='grc' dir='ltr'><strong>ι.1599.</strong></span> <span class='ocrx_word' id='word_1_112' title='bbox 293 1863 458 1920; x_wconf 68' lang='lat' dir='ltr'><strong>asservata</strong></span> <span class='ocrx_word' id='word_1_113' title='bbox 484 1856 625 1919; x_wconf 74' lang='lat' dir='ltr'><strong>decisum</strong></span> <span class='ocrx_word' id='word_1_114' title='bbox 646 1855 726 1917; x_wconf 75' lang='lat' dir='ltr'><strong>luite</strong></span> <span class='ocrx_word' id='word_1_115' title='bbox 749 1864 817 1917; x_wconf 84' lang='lat' dir='ltr'><strong>tum&#39;</strong></span> <span class='ocrx_word' id='word_1_116' title='bbox 845 1857 1019 1936; x_wconf 77' lang='lat' dir='ltr'><strong>generatim</strong></span> <span class='ocrx_word' id='word_1_117' title='bbox 1046 1857 1246 1919; x_wconf 82' lang='lat' dir='ltr'><strong>matrImonia</strong></span> 
     </span>
     <span class='ocr_line' id='line_1_17' title="bbox 147 1960 1245 2044; baseline -0.001 -19"><span class='ocrx_word' id='word_1_118' title='bbox 147 1963 224 2025; x_wconf 76' lang='lat' dir='ltr'><strong>nim</strong></span> <span class='ocrx_word' id='word_1_119' title='bbox 252 1962 393 2041; x_wconf 85' lang='lat' dir='ltr'><strong>illicita,</strong></span> <span class='ocrx_word' id='word_1_120' title='bbox 418 1963 643 2043; x_wconf 80' lang='lat' dir='ltr'><strong>ministrosque</strong></span> <span class='ocrx_word' id='word_1_121' title='bbox 667 1960 852 2042; x_wconf 74' lang='lat' dir='ltr'><strong>copulantes</strong></span> <span class='ocrx_word' id='word_1_122' title='bbox 875 1982 993 2042; x_wconf 89' lang='lat' dir='ltr'><strong>poenae</strong></span> <span class='ocrx_word' id='word_1_123' title='bbox 1025 1963 1245 2044; x_wconf 82' lang='lat' dir='ltr'><strong>eurpeneionir</strong></span> 
     </span>
     <span class='ocr_line' id='line_1_18' title="bbox 145 2065 1246 2150; baseline 0.001 -22"><span class='ocrx_word' id='word_1_124' title='bbox 145 2068 193 2128; x_wconf 80' lang='lat' dir='ltr'><strong>Ine</strong></span> <span class='ocrx_word' id='word_1_125' title='bbox 212 2076 242 2130; x_wconf 89' lang='lat' dir='ltr'><strong>et</strong></span> <span class='ocrx_word' id='word_1_126' title='bbox 264 2067 481 2150; x_wconf 77' lang='lat' dir='ltr'><strong>depositionis</strong></span> <span class='ocrx_word' id='word_1_127' title='bbox 504 2065 720 2129; x_wconf 82' lang='lat' dir='ltr'><strong>subiiciendoe</strong></span> <span class='ocrx_word' id='word_1_128' title='bbox 743 2085 833 2145; x_wconf 79' lang='lat' dir='ltr'><strong>erae,</strong></span> <span class='ocrx_word' id='word_1_129' title='bbox 856 2075 922 2128; x_wconf 90' lang='lat' dir='ltr'><strong>tum</strong></span> <span class='ocrx_word' id='word_1_130' title='bbox 942 2068 975 2127; x_wconf 89' lang='lat' dir='ltr'><strong>in</strong></span> <span class='ocrx_word' id='word_1_131' title='bbox 998 2068 1105 2147; x_wconf 83' lang='lat' dir='ltr'><strong>rpocie</strong></span> <span class='ocrx_word' id='word_1_132' title='bbox 1136 2068 1246 2129; x_wconf 87' lang='lat' dir='ltr'><strong>matri-</strong></span> 
     </span>
     <span class='ocr_line' id='line_1_19' title="bbox 143 2171 1247 2254; baseline 0.001 -21"><span class='ocrx_word' id='word_1_133' title='bbox 143 2173 263 2237; x_wconf 89' lang='lat' dir='ltr'><strong>nenium</strong></span> <span class='ocrx_word' id='word_1_134' title='bbox 286 2175 373 2234; x_wconf 81' lang='lat' dir='ltr'><strong>Inter</strong></span> <span class='ocrx_word' id='word_1_135' title='bbox 393 2172 624 2254; x_wconf 81' lang='lat' dir='ltr'><strong>Prinprieeam</strong></span> <span class='ocrx_word' id='word_1_136' title='bbox 648 2191 791 2233; x_wconf 86' lang='lat' dir='ltr'><strong>sororem</strong></span> <span class='ocrx_word' id='word_1_137' title='bbox 813 2173 942 2234; x_wconf 88' lang='lat' dir='ltr'><strong>ilenrici</strong></span> <span class='ocrx_word' id='word_1_138' title='bbox 965 2172 1019 2236; x_wconf 91' lang='lat' dir='ltr'><strong>IV.</strong></span> <span class='ocrx_word' id='word_1_139' title='bbox 1039 2171 1164 2235; x_wconf 85' lang='lat' dir='ltr'><strong>Galliae</strong></span> <span class='ocrx_word' id='word_1_140' title='bbox 1184 2173 1247 2234; x_wconf 79' lang='lat' dir='ltr'><strong>lle-</strong></span> 
     </span>
     <span class='ocr_line' id='line_1_20' title="bbox 142 2276 1247 2359; baseline -0.001 -18"><span class='ocrx_word' id='word_1_141' title='bbox 142 2278 196 2358; x_wconf 77' lang='lat' dir='ltr'><strong>gir‚</strong></span> <span class='ocrx_word' id='word_1_142' title='bbox 217 2285 250 2341; x_wconf 88' lang='lat' dir='ltr'><strong>et</strong></span> <span class='ocrx_word' id='word_1_143' title='bbox 271 2279 394 2340; x_wconf 86' lang='lat' dir='ltr'><strong>Ducem</strong></span> <span class='ocrx_word' id='word_1_144' title='bbox 426 2277 652 2359; x_wconf 82' lang='lat' dir='ltr'><strong>Lethariugiae</strong></span> <span class='ocrx_word' id='word_1_145' title='bbox 683 2297 740 2337; x_wconf 82' lang='lat' dir='ltr'><strong>nec</strong></span> <span class='ocrx_word' id='word_1_146' title='bbox 769 2276 894 2338; x_wconf 89' lang='lat' dir='ltr'><strong>licitum</strong></span> <span class='ocrx_word' id='word_1_147' title='bbox 925 2298 1015 2357; x_wconf 81' lang='lat' dir='ltr'><strong>eure,</strong></span> <span class='ocrx_word' id='word_1_148' title='bbox 1043 2297 1101 2341; x_wconf 92' lang='lat' dir='ltr'><strong>nec</strong></span> <span class='ocrx_word' id='word_1_149' title='bbox 1131 2277 1247 2340; x_wconf 83' lang='lat' dir='ltr'><strong>debere</strong></span> 
     </span>
     <span class='ocr_line' id='line_1_21' title="bbox 142 2380 1247 2465; baseline 0.001 -21"><span class='ocrx_word' id='word_1_150' title='bbox 142 2381 262 2446; x_wconf 83' lang='lat' dir='ltr'><strong>illudio</strong></span> <span class='ocrx_word' id='word_1_151' title='bbox 285 2381 444 2447; x_wconf 81' lang='lat' dir='ltr'><strong>Eccleriie</strong></span> <span class='ocrx_word' id='word_1_152' title='bbox 466 2381 723 2447; x_wconf 78' lang='lat' dir='ltr'><strong>Reformatorem</strong></span> <span class='ocrx_word' id='word_1_153' title='bbox 746 2380 909 2446; x_wconf 87' lang='lat' dir='ltr'><strong>celebrari.</strong></span> <span class='ocrx_word' id='word_1_154' title='bbox 932 2384 981 2445; x_wconf 74' lang='lat' dir='ltr'><strong>iix</strong></span> <span class='ocrx_word' id='word_1_155' title='bbox 1008 2383 1060 2446; x_wconf 84' lang='lat' dir='ltr'><strong>hle</strong></span> <span class='ocrx_word' id='word_1_156' title='bbox 1090 2384 1169 2445; x_wconf 77' lang='lat' dir='ltr'><strong>satir</strong></span> <span class='ocrx_word' id='word_1_157' title='bbox 1189 2403 1247 2465; x_wconf 88' lang='lat' dir='ltr'><strong>ap-</strong></span> 
     </span>
     <span class='ocr_line' id='line_1_22' title="bbox 141 2485 1247 2571; baseline -0.001 -20"><span class='ocrx_word' id='word_1_158' title='bbox 141 2498 235 2571; x_wconf 87' lang='lat' dir='ltr'><strong>paret,</strong></span> <span class='ocrx_word' id='word_1_159' title='bbox 258 2496 456 2569; x_wconf 84' lang='lat' dir='ltr'><strong>quantopere</strong></span> <span class='ocrx_word' id='word_1_160' title='bbox 477 2487 658 2552; x_wconf 81' lang='lat' dir='ltr'><strong>Reformati</strong></span> <span class='ocrx_word' id='word_1_161' title='bbox 679 2488 711 2549; x_wconf 86' lang='lat' dir='ltr'><strong>In</strong></span> <span class='ocrx_word' id='word_1_162' title='bbox 736 2485 843 2550; x_wconf 84' lang='lat' dir='ltr'><strong>Gallia</strong></span> <span class='ocrx_word' id='word_1_163' title='bbox 866 2506 994 2551; x_wconf 83' lang='lat' dir='ltr'><strong>anorum</strong></span> <span class='ocrx_word' id='word_1_164' title='bbox 1027 2508 1099 2551; x_wconf 87' lang='lat' dir='ltr'><strong>cum</strong></span> <span class='ocrx_word' id='word_1_165' title='bbox 1127 2489 1247 2554; x_wconf 83' lang='lat' dir='ltr'><strong>camo-</strong></span> 
     </span>
     <span class='ocr_line' id='line_1_23' title="bbox 141 2589 784 2676; baseline 0.002 -22"><span class='ocrx_word' id='word_1_166' title='bbox 141 2589 199 2657; x_wconf 78' lang='lat' dir='ltr'><strong>lcia</strong></span> <span class='ocrx_word' id='word_1_167' title='bbox 220 2594 462 2676; x_wconf 73' lang='lat' dir='ltr'><strong>conjunctiones</strong></span> <span class='ocrx_word' id='word_1_168' title='bbox 484 2594 635 2657; x_wconf 75' lang='lat' dir='ltr'><strong>detestati</strong></span> <span class='ocrx_word' id='word_1_169' title='bbox 655 2593 784 2655; x_wconf 83' lang='lat' dir='ltr'><strong>Iuertnt</strong></span> 
     </span>
    </p>
   </div>
   <div class='ocr_carea' id='block_1_3' title="bbox 628 2784 754 2876">
    <p class='ocr_par' dir='ltr' id='par_1_3' title="bbox 628 2784 754 2876">
     <span class='ocr_line' id='line_1_24' title="bbox 628 2784 754 2876; baseline -0.024 -21"><span class='ocrx_word' id='word_1_170' title='bbox 628 2784 664 2876; x_wconf 79' lang='lat'><strong>§-</strong></span> <span class='ocrx_word' id='word_1_171' title='bbox 692 2784 754 2854; x_wconf 84' lang='grc' dir='ltr'><strong>ιι.</strong></span> 
     </span>
    </p>
   </div>
   <div class='ocr_carea' id='block_1_4' title="bbox 146 2918 1246 3072">
    <p class='ocr_par' dir='ltr' id='par_1_4' title="bbox 146 2918 1246 3072">
     <span class='ocr_line' id='line_1_25' title="bbox 146 2918 1246 3069; baseline -0.005 -85"><span class='ocrx_word' id='word_1_172' title='bbox 146 2927 269 2986; x_wconf 70' lang='grc' dir='ltr'><strong>ΕΜ·</strong></span> <span class='ocrx_word' id='word_1_173' title='bbox 294 2921 552 2986; x_wconf 72' lang='lat' dir='ltr'><strong>nanneten-1</strong></span> <span class='ocrx_word' id='word_1_174' title='bbox 580 2938 619 2980; x_wconf 82' lang='grc' dir='ltr'><strong>ι.</strong></span> <span class='ocrx_word' id='word_1_175' title='bbox 649 2918 963 3069; x_wconf 62' lang='lat' dir='ltr'><strong>introituram</strong></span> <span class='ocrx_word' id='word_1_176' title='bbox 986 2918 1246 2980; x_wconf 67' lang='lat' dir='ltr'><strong>Beier-retia</strong></span> 
     </span>
     <span class='ocr_line' id='line_1_26' title="bbox 585 3024 787 3072; baseline -0.01 -1"><span class='ocrx_word' id='word_1_177' title='bbox 585 3024 756 3072; x_wconf 75' lang='lat' dir='ltr'><strong>concern</strong></span> <span class='ocrx_word' id='word_1_178' title='bbox 775 3047 787 3070; x_wconf 87' lang='lat'><strong>.</strong></span> 
     </span>
    </p>
   </div>
   <div class='ocr_carea' id='block_1_5' title="bbox 133 3172 1249 4200">
    <p class='ocr_par' dir='ltr' id='par_1_5' title="bbox 133 3172 1249 4200">
     <span class='ocr_line' id='line_1_27' title="bbox 229 3172 1249 3254; baseline -0.006 -13"><span class='ocrx_word' id='word_1_179' title='bbox 229 3179 293 3241; x_wconf 84' lang='lat' dir='ltr'><strong>Pro</strong></span> <span class='ocrx_word' id='word_1_180' title='bbox 320 3175 515 3239; x_wconf 81' lang='lat' dir='ltr'><strong>Reformatia</strong></span> <span class='ocrx_word' id='word_1_181' title='bbox 545 3172 671 3237; x_wconf 82' lang='lat' dir='ltr'><strong>Galliae</strong></span> <span class='ocrx_word' id='word_1_182' title='bbox 709 3174 873 3254; x_wconf 83' lang='lat' dir='ltr'><strong>epocham.</strong></span> <span class='ocrx_word' id='word_1_183' title='bbox 892 3174 1060 3236; x_wconf 84' lang='lat' dir='ltr'><strong>eonrtituit</strong></span> <span class='ocrx_word' id='word_1_184' title='bbox 1095 3176 1249 3235; x_wconf 63' lang='lat' dir='ltr'><strong>Maur»</strong></span> 
     </span>
     <span class='ocr_line' id='line_1_28' title="bbox 145 3267 1248 3359; baseline 0 -18"><span class='ocrx_word' id='word_1_185' title='bbox 145 3286 327 3344; x_wconf 78' lang='lat' dir='ltr'><strong>Nmuctenac</strong></span> <span class='ocrx_word' id='word_1_186' title='bbox 348 3283 406 3341; x_wconf 82' lang='lat' dir='ltr'><strong>rub</strong></span> <span class='ocrx_word' id='word_1_187' title='bbox 437 3267 576 3341; x_wconf 83' lang='lat' dir='ltr'><strong>Henrico</strong></span> <span class='ocrx_word' id='word_1_188' title='bbox 600 3279 654 3342; x_wconf 88' lang='lat' dir='ltr'><strong>IV.</strong></span> <span class='ocrx_word' id='word_1_189' title='bbox 687 3279 774 3358; x_wconf 83' lang='lat' dir='ltr'><strong>Rege</strong></span> <span class='ocrx_word' id='word_1_190' title='bbox 803 3299 911 3340; x_wconf 82' lang='lat' dir='ltr'><strong>menae</strong></span> <span class='ocrx_word' id='word_1_191' title='bbox 940 3276 1046 3359; x_wconf 77' lang='lat' dir='ltr'><strong>Aprili</strong></span> <span class='ocrx_word' id='word_1_192' title='bbox 1079 3283 1169 3339; x_wconf 83' lang='lat'><strong>1598.</strong></span> <span class='ocrx_word' id='word_1_193' title='bbox 1198 3276 1248 3341; x_wconf 92' lang='lat' dir='ltr'><strong>la·</strong></span> 
     </span>
     <span class='ocr_line' id='line_1_29' title="bbox 146 3382 1247 3466; baseline -0.003 -19"><span class='ocrx_word' id='word_1_194' title='bbox 146 3387 516 3466; x_wconf 81' lang='lat' dir='ltr'><strong>ton‚et15.Fei›ruar.</strong></span> <span class='ocrx_word' id='word_1_195' title='bbox 542 3391 633 3446; x_wconf 79' lang='grc'><strong>1599.</strong></span> <span class='ocrx_word' id='word_1_196' title='bbox 662 3385 694 3446; x_wconf 85' lang='lat' dir='ltr'><strong>ie</strong></span> <span class='ocrx_word' id='word_1_197' title='bbox 722 3382 923 3447; x_wconf 87' lang='lat' dir='ltr'><strong>Parlamento</strong></span> <span class='ocrx_word' id='word_1_198' title='bbox 951 3382 1155 3465; x_wconf 81' lang='lat' dir='ltr'><strong>publicatum.</strong></span> <span class='ocrx_word' id='word_1_199' title='bbox 1180 3385 1247 3444; x_wconf 82' lang='lat' dir='ltr'><strong>Ar-</strong></span> 
     </span>
     <span class='ocr_line' id='line_1_30' title="bbox 146 3488 1246 3568; baseline -0.006 -13"><span class='ocrx_word' id='word_1_200' title='bbox 146 3497 223 3555; x_wconf 77' lang='lat' dir='ltr'><strong>Iimio</strong></span> <span class='ocrx_word' id='word_1_201' title='bbox 243 3492 391 3554; x_wconf 80' lang='lat' dir='ltr'><strong>nimIrum</strong></span> <span class='ocrx_word' id='word_1_202' title='bbox 414 3494 539 3552; x_wconf 81' lang='lat' dir='ltr'><strong><em>XXIII.</em></strong></span> <span class='ocrx_word' id='word_1_203' title='bbox 561 3489 672 3552; x_wconf 82' lang='lat' dir='ltr'><strong>Edicti</strong></span> <span class='ocrx_word' id='word_1_204' title='bbox 693 3490 787 3551; x_wconf 75' lang='lat' dir='ltr'><strong>leuius</strong></span> <span class='ocrx_word' id='word_1_205' title='bbox 809 3492 965 3552; x_wconf 74' lang='lat' dir='ltr'><strong>sancitum</strong></span> <span class='ocrx_word' id='word_1_206' title='bbox 987 3496 1055 3551; x_wconf 81' lang='lat' dir='ltr'><strong>ert:</strong></span> <span class='ocrx_word' id='word_1_207' title='bbox 1077 3496 1114 3551; x_wconf 91' lang='lat' dir='ltr'><strong>ut</strong></span> <span class='ocrx_word' id='word_1_208' title='bbox 1135 3488 1246 3568; x_wconf 85' lang='lat' dir='ltr'><strong>Ilugo-</strong></span> 
     </span>
     <span class='ocr_line' id='line_1_31' title="bbox 145 3591 1247 3675; baseline -0.004 -18"><span class='ocrx_word' id='word_1_209' title='bbox 145 3604 237 3661; x_wconf 87' lang='lat' dir='ltr'><strong>nottae</strong></span> <span class='ocrx_word' id='word_1_210' title='bbox 258 3596 432 3673; x_wconf 86' lang='lat' dir='ltr'><strong>haeretici,</strong></span> <span class='ocrx_word' id='word_1_211' title='bbox 456 3615 511 3656; x_wconf 82' lang='lat' dir='ltr'><strong>reu</strong></span> <span class='ocrx_word' id='word_1_212' title='bbox 540 3602 725 3675; x_wconf 76' lang='lat' dir='ltr'><strong>praetentae</strong></span> <span class='ocrx_word' id='word_1_213' title='bbox 755 3592 947 3658; x_wconf 76' lang='lat' dir='ltr'><strong>reformatae</strong></span> <span class='ocrx_word' id='word_1_214' title='bbox 976 3592 1125 3674; x_wconf 76' lang='lat' dir='ltr'><strong>religioni</strong></span> <span class='ocrx_word' id='word_1_215' title='bbox 1155 3591 1247 3654; x_wconf 82' lang='lat' dir='ltr'><strong>addi·</strong></span> 
     </span>
     <span class='ocr_line' id='line_1_32' title="bbox 145 3695 1247 3780; baseline -0.004 -16"><span class='ocrx_word' id='word_1_216' title='bbox 145 3703 179 3764; x_wconf 83' lang='lat' dir='ltr'><strong>tti</strong></span> <span class='ocrx_word' id='word_1_217' title='bbox 195 3701 294 3766; x_wconf 90' lang='lat' dir='ltr'><strong>relate</strong></span> <span class='ocrx_word' id='word_1_218' title='bbox 316 3700 358 3763; x_wconf 91' lang='lat' dir='ltr'><strong>a‹i</strong></span> <span class='ocrx_word' id='word_1_219' title='bbox 379 3701 580 3763; x_wconf 87' lang='lat' dir='ltr'><strong>matrimonia</strong></span> <span class='ocrx_word' id='word_1_220' title='bbox 601 3708 668 3761; x_wconf 89' lang='lat' dir='ltr'><strong>tum</strong></span> <span class='ocrx_word' id='word_1_221' title='bbox 689 3707 850 3762; x_wconf 86' lang='lat' dir='ltr'><strong>contracta</strong></span> <span class='ocrx_word' id='word_1_222' title='bbox 871 3708 938 3762; x_wconf 92' lang='lat' dir='ltr'><strong>tum</strong></span> <span class='ocrx_word' id='word_1_223' title='bbox 963 3697 1179 3780; x_wconf 73' lang='lat' dir='ltr'><strong>contrahentia</strong></span> <span class='ocrx_word' id='word_1_224' title='bbox 1194 3695 1247 3763; x_wconf 88' lang='lat' dir='ltr'><strong>le-</strong></span> 
     </span>
     <span class='ocr_line' id='line_1_33' title="bbox 143 3803 1248 3886; baseline -0.005 -15"><span class='ocrx_word' id='word_1_225' title='bbox 143 3825 189 3885; x_wconf 77' lang='lat' dir='ltr'><strong>ger</strong></span> <span class='ocrx_word' id='word_1_226' title='bbox 217 3805 398 3871; x_wconf 73' lang='lat' dir='ltr'><strong>Ecclesiae.</strong></span> <span class='ocrx_word' id='word_1_227' title='bbox 416 3803 602 3869; x_wconf 77' lang='lat' dir='ltr'><strong>Catholicae</strong></span> <span class='ocrx_word' id='word_1_228' title='bbox 633 3807 799 3867; x_wconf 74' lang='lat' dir='ltr'><strong>observare</strong></span> <span class='ocrx_word' id='word_1_229' title='bbox 829 3811 1014 3881; x_wconf 85' lang='lat' dir='ltr'><strong>teneantur,</strong></span> <span class='ocrx_word' id='word_1_230' title='bbox 1045 3825 1083 3867; x_wconf 86' lang='lat' dir='ltr'><strong>ac</strong></span> <span class='ocrx_word' id='word_1_231' title='bbox 1112 3803 1248 3886; x_wconf 84' lang='lat' dir='ltr'><strong>proinde</strong></span> 
     </span>
     <span class='ocr_line' id='line_1_34' title="bbox 140 3906 1248 3991; baseline -0.004 -17"><span class='ocrx_word' id='word_1_232' title='bbox 140 3910 272 3974; x_wconf 82' lang='lat' dir='ltr'><strong>llinirtri</strong></span> <span class='ocrx_word' id='word_1_233' title='bbox 292 3912 455 3991; x_wconf 75' lang='lat' dir='ltr'><strong>ipsorum,</strong></span> <span class='ocrx_word' id='word_1_234' title='bbox 477 3931 584 3972; x_wconf 88' lang='lat' dir='ltr'><strong>coram</strong></span> <span class='ocrx_word' id='word_1_235' title='bbox 609 3912 725 3990; x_wconf 76' lang='lat' dir='ltr'><strong>quibua</strong></span> <span class='ocrx_word' id='word_1_236' title='bbox 746 3906 872 3991; x_wconf 86' lang='lat' dir='ltr'><strong>publice</strong></span> <span class='ocrx_word' id='word_1_237' title='bbox 892 3908 1030 3971; x_wconf 75' lang='lat' dir='ltr'><strong>meantia</strong></span> <span class='ocrx_word' id='word_1_238' title='bbox 1052 3918 1142 3972; x_wconf 85' lang='lat' dir='ltr'><strong>erant</strong></span> <span class='ocrx_word' id='word_1_239' title='bbox 1171 3924 1248 3971; x_wconf 92' lang='lat' dir='ltr'><strong>con-</strong></span> 
     </span>
     <span class='ocr_line' id='line_1_35' title="bbox 136 4011 1248 4098; baseline -0.003 -20"><span class='ocrx_word' id='word_1_240' title='bbox 136 4017 244 4098; x_wconf 87' lang='lat' dir='ltr'><strong>nubia,</strong></span> <span class='ocrx_word' id='word_1_241' title='bbox 267 4014 500 4097; x_wconf 85' lang='lat' dir='ltr'><strong>quodammodo</strong></span> <span class='ocrx_word' id='word_1_242' title='bbox 520 4015 731 4097; x_wconf 77' lang='lat' dir='ltr'><strong>praesentiam</strong></span> <span class='ocrx_word' id='word_1_243' title='bbox 753 4013 889 4076; x_wconf 79' lang='lat' dir='ltr'><strong>Parooiei</strong></span> <span class='ocrx_word' id='word_1_244' title='bbox 911 4012 1073 4076; x_wconf 78' lang='lat' dir='ltr'><strong>Catholici</strong></span> <span class='ocrx_word' id='word_1_245' title='bbox 1093 4014 1143 4075; x_wconf 61' lang='lat' dir='ltr'><strong>ad*</strong></span> <span class='ocrx_word' id='word_1_246' title='bbox 1166 4011 1248 4075; x_wconf 86' lang='lat' dir='ltr'><strong>vali-</strong></span> 
     </span>
     <span class='ocr_line' id='line_1_36' title="bbox 133 4117 1247 4200; baseline -0.004 -16"><span class='ocrx_word' id='word_1_247' title='bbox 133 4120 262 4185; x_wconf 81' lang='lat' dir='ltr'><strong>ditatem</strong></span> <span class='ocrx_word' id='word_1_248' title='bbox 283 4121 475 4183; x_wconf 85' lang='lat' dir='ltr'><strong>matrimonit</strong></span> <span class='ocrx_word' id='word_1_249' title='bbox 495 4121 706 4185; x_wconf 75' lang='lat' dir='ltr'><strong>necessariam</strong></span> <span class='ocrx_word' id='word_1_250' title='bbox 727 4117 906 4200; x_wconf 76' lang='lat' dir='ltr'><strong>suppleant.</strong></span> <span class='ocrx_word' id='word_1_251' title='bbox 929 4117 1126 4184; x_wconf 83' lang='lat' dir='ltr'><strong>Peculiarem</strong></span> <span class='ocrx_word' id='word_1_252' title='bbox 1155 4119 1247 4182; x_wconf 89' lang='lat' dir='ltr'><strong>inru-</strong></span> 
     </span>
    </p>
   </div>
   <div class='ocr_carea' id='block_1_6' title="bbox 198 4309 691 4379">
    <p class='ocr_par' dir='ltr' id='par_1_6' title="bbox 198 4309 691 4379">
     <span class='ocr_line' id='line_1_37' title="bbox 198 4309 691 4379; baseline -0.01 -11"><span class='ocrx_word' id='word_1_253' title='bbox 198 4309 250 4379; x_wconf 77' lang='grc'><strong>19)</strong></span> <span class='ocrx_word' id='word_1_254' title='bbox 268 4316 334 4378; x_wconf 72' lang='lat' dir='ltr'><strong>roa.</strong></span> <span class='ocrx_word' id='word_1_255' title='bbox 352 4310 405 4367; x_wconf 69' lang='lat' dir='ltr'><strong>Ie.</strong></span> <span class='ocrx_word' id='word_1_256' title='bbox 424 4326 465 4373; x_wconf 80' lang='lat' dir='ltr'><strong>oo.</strong></span> <span class='ocrx_word' id='word_1_257' title='bbox 485 4314 529 4366; x_wconf 83' lang='lat' dir='ltr'><strong>ott.</strong></span> <span class='ocrx_word' id='word_1_258' title='bbox 688 4326 691 4331; x_wconf 94' lang='lat'>·</span> 
     </span>
    </p>
   </div>
   <div class='ocr_carea' id='block_1_7' title="bbox 0 0 1404 4838">
    <p class='ocr_par' dir='ltr' id='par_1_7' title="bbox 0 0 1404 4838">
     <span class='ocr_line' id='line_1_38' title="bbox 0 0 1404 4838; baseline 0 1"><span class='ocrx_word' id='word_1_259' title='bbox 0 0 1404 4838; x_wconf 95' lang='lat' dir='ltr'><strong> </strong></span> 
     </span>
    </p>
   </div>
  </div>
 </body>
</html>
