2798 4838
583 260 810 332 ..166-

44 404 47 409 ’
130 412 221 483 rent,
245 407 307 486 ipsi
332 403 500 485 copulent,
532 404 628 466 modo
652 425 726 483 pars
750 402 908 467 catholiea
931 410 1151 466 iuramentum
1171 408 1247 465 tote·

128 515 255 588 prttatis
276 529 373 589 super
394 507 498 571 libero
521 529 579 571 suo
602 517 688 572 statu
709 511 837 589 praevie
857 515 1027 590 nuncupet.
1040 505 1106 582 ⁸¹²)

235 615 270 676 Si
292 614 443 676 Edictum
466 613 647 695 Religionis
677 613 717 676 de
738 636 788 677 an.
808 619 899 676 1818.
932 634 1003 676 cum
1030 614 1197 695 prioribus
1221 613 1248 674 lu

131 718 316 782 illectoratu
339 717 486 782 Palatino
504 719 609 781 Rheni
632 725 664 780 et
685 721 755 802 ipsa
777 721 909 782 Bavaria
931 718 1066 800 perlatis
1088 737 1250 800 compare·
1281 754 1296 789 ·.

130 831 203 887 tur:
237 843 273 886 ea
304 822 485 886 essentialis
513 823 596 885 inter
618 825 697 886 haee
719 832 751 886 et
781 823 864 887 illud
895 825 1031 887 occurrit
1063 823 1249 901 differentia,
1292 856 1296 903 ,ς

133 929 219 1011 quod
248 929 328 992 haec
360 932 517 992 coactivas
558 928 764 1010 utplurimum
801 929 832 990 in
863 931 992 1010 negotio
1029 927 1250 1010 religionariac
1294 935 1296 977 ἲ

132 1034 274 1115 prolium
298 1034 494 1096 educationis
518 1033 747 1114 dispositiones
770 1033 922 1118 tulerint,
944 1034 1026 1098 illud
1043 1055 1121 1097 vero
1144 1053 1251 1115 paren·

135 1142 223 1204 tibus
245 1141 314 1200 iura
347 1158 403 1200 sua
434 1141 517 1200 circa
549 1139 728 1201 educandas
758 1138 865 1219 proles
898 1148 984 1203 sarta
1012 1146 1160 1220 tectaque
1191 1152 1251 1202 ser·
1289 1146 1294 1163 ”

45 1288 52 1302 ,
132 1244 253 1322 vando,
291 1243 435 1306 libertati
476 1245 657 1306 eorumdem
697 1248 844 1307 meritum
885 1244 959 1307 hoc’
987 1244 1167 1327 reliquerit.
1184 1232 1250 1318 ¹⁸¹¹)

135 1347 248 1431 Quoad
269 1350 440 1432 Rescripta
462 1348 687 1412 Ministerialia
709 1356 813 1412 autem
842 1349 925 1412 circa
955 1349 1154 1432 copulandas
1185 1369 1253 1431 per·
1291 1412 1295 1419 ,

136 1475 232 1517 sonas
254 1455 376 1525 mixtae.
392 1452 560 1534 religionis
589 1453 624 1515 id
647 1454 877 1517 observandum
897 1475 1081 1518 censemur:
1120 1476 1158 1518 ea
1180 1476 1253 1518 nou·

134 1579 304 1639 numquam
326 1559 410 1621 iusto
434 1557 563 1640 longius
585 1578 775 1640 progressa,
808 1560 1037 1643 quadamtenus
1065 1581 1186 1643 cogere
1206 1580 1255 1622 ro·
1294 1564 1296 1569 ’

133 1665 235 1728 luisse
266 1665 426 1750 parochos
453 1663 497 1728 ad
518 1665 731 1745 expediendas
759 1685 818 1748 pro
850 1666 1038 1748 coniugibus
1066 1663 1188 1732 literas
1212 1665 1256 1728 dl·

134 1768 342 1863 mlssoriales.
358 1764 421 1843 ³¹⁴)

632 1853 668 1949 p.
697 1838 758 1928 95.

134 1994 608 2054 Praesulumllarariae
627 1991 830 2053 studimini
855 1994 1027 2062 tuendis
1049 1995 1258 2054 Ecclesiae

135 2086 251 2144 cim
279 2084 440 2143 mixtas
462 2086 638 2157 nauperes
667 2087 972 2144 sanctionibus.
996 2089 1049 2146 Im
1072 2083 1258 2150 moenai

135 2175 435 2235 Ratisbonensi
454 2178 506 2235 de
528 2176 668 2234 literis
682 2177 1041 2237 dimanans-rarione
1067 2176 1258 2251 quaestio

134 2267 296 2338 oritur,
316 2274 358 2327 et
375 2283 454 2340 per·
477 2268 626 2327 sedem
639 2269 924 2339 apostoticam
942 2285 981 2328 a.
1002 2272 1129 2328 181⁰.
1152 2267 1256 2328 dect·
1290 2306 1296 2363 3

633 2359 761 2417 ditur·

239 2520 319 2582 Cum
350 2520 518 2600 Rescripta
539 2499 641 2599 Reg'la
670 2525 702 2580 et
723 2518 949 2580 Ministerialia
981 2521 1066 2582 circa
1098 2517 1255 2582 educatio-

136 2643 208 2685 nem
239 2624 424 2704 religiosam
455 2622 591 2704 prolium
624 2624 710 2686 edita
742 2625 980 2685 conditionibus
1011 2621 1179 2687 Ecclesiae
1202 2625 1255 2686 Ga·

138 2728 297 2806 tholieae‚
338 2731 453 2809 quibus
483 2727 620 2792 facultas
659 2728 789 2791 incundi
828 2731 1029 2792 matrimonia
1064 2731 1162 2793 mixta
1193 2726 1255 2791 alli-
1283 2798 1286 2803 ,

137 2844 210 2913 gata
242 2843 311 2911 est„
342 2834 427 2896 haud
455 2833 548 2913 pleue
582 2833 818 2898 satisfecerint:
856 2835 976 2896 factum
1008 2842 1076 2914 est,
1108 2843 1146 2898 ut
1167 2836 1255 2898 Pare·

94 2984 97 2990 -
139 2941 191 3001 chi
214 2941 341 3020 nuptias
364 2939 466 3017 tales,
489 2941 521 3000 in
544 2942 659 3020 quibus
681 2938 841 3001 catholica
864 2942 1003 3002 omnium
1026 2938 1171 3020 prolium
1188 2938 1256 3002 edu·

138 3048 228 3108 catio
252 3046 378 3123 praevie
410 3043 618 3107 determinata
650 3065 719 3107 ,non
751 3052 836 3123 erat,
878 3047 996 3108 minine
1033 3045 1256 3127 copulaverint
1292 3068 1295 3073 ·

140 3149 364 3212 ordinariatus
403 3148 527 3211 scilicet
557 3152 707 3212 Bavariae
742 3170 801 3229 pro
833 3153 961 3214 casibus
991 3152 1256 3214 matrimoniorum

127 3253 325 3317 'istiusmodi
356 3254 424 3316 fere
448 3274 575 3336 semper
596 3257 765 3337 principiis
795 3275 831 3317 ac
852 3254 979 3336 legibus
1002 3255 1171 3320 Ecclesiae
1193 3274 1257 3318 con·

139 3359 260 3420 formes
284 3358 401 3421 dabant
423 3358 518 3421 Glero
538 3362 657 3422 Curato
678 3359 876 3421 insiationes.
908 3362 1028 3422 Harum
1052 3360 1257 3442 exemplume

140 3464 289 3547 Dioecesi
320 3463 642 3527 Ratisbonensi
669 3463 815 3545 proferre
837 3463 932 3526 licet:
966 3467 1020 3528 ubl
1046 3468 1185 3548 parochi
1205 3469 1258 3530 lle·

141 3549 277 3633 canatur⁸
294 3563 551 3636 ehamensis
584 3589 622 3632 ex
651 3568 806 3631 incidenti
828 3568 1047 3633 Resolutionis
1075 3573 1199 3654 Regiae
1226 3569 1259 3632 de

141 3675 291 3756 25.Sept.
311 3672 470 3747 1814.³¹⁶)
482 3758 485 3762 .
499 3694 608 3738 omnes
630 3674 792 3756 parochos
814 3674 992 3739 catholicos
1019 3674 1062 3740 ad
1081 3675 1197 3742 literas
1217 3675 1259 3738 dl·

142 3799 388 3821 tu*-

210 3862 277 3928 ³12)
296 3867 388 3917 Mon.
408 3865 469 3916 127.
487 3879 551 3932 pag.
570 3864 631 3916 118.
650 3891 687 3902 -
703 3866 772 3927 Alta.
791 3867 826 3916 K.
846 3869 878 3918 Ζ.
897 3863 987 3919 1835.
1006 3883 1032 3926 p.
1050 3862 1145 3922 1036.

210 3954 277 4021 818)
296 3948 360 4008 vid.
386 3957 531 4020 Kathott'tr,
549 3957 610 4007 etue
636 3957 759 4018 renotem
787 3959 950 4019 zeitschrift.
976 3956 1028 4012 64.
1046 3962 1139 4014 Booti.
1165 3961 1263 4021 Socim.

176 4044 266 4100 isar.
285 4064 311 4107 p.
331 4045 398 4099 158.
417 4047 447 4108 ff.

210 4133 278 4202 811)
297 4141 331 4191 ct.
351 4135 538 4203 Gaugler,
555 4136 828 4200 sternumentum
846 4141 894 4190 der
912 4142 1079 4196 baierischen
1097 4144 1266 4206 vernoun·

54 4229 57 4234 '
175 4231 292 4280 tunm
308 4230 374 4279 ittet
391 4227 437 4278 dte
453 4240 520 4288 pers.
538 4228 625 4280 Boea.
643 4229 781 4290 eumaem.
800 4227 885 4282 18³1.
904 4245 931 4290 p.
949 4230 1002 4285 44.

209 4314 277 4381 ert)
296 4320 331 4370 ei.
350 4311 373 4381 1.
393 4317 436 4369 81.
