2798 4838
586 86 638 175 -’-
665 120 817 193 rea-

95 280 107 324 ι
160 263 281 347 prolium
303 265 531 346 promittatur,
562 267 630 328 slve
651 285 733 345 uon,
764 273 857 329 matr.
876 264 972 329 mixta
1003 264 1156 351 copulare
1187 265 1271 332 obli·

116 368 119 373 ’
154 378 275 454 gentur,
308 377 342 433 et
361 373 537 434 renitentes
567 390 626 450 per
656 369 840 435 criminales
871 390 1043 453 processus
1073 392 1183 437 severe
1212 394 1271 454 pu-

151 479 287 540 niantura
319 477 475 559 Episcopi
496 476 736 538 Provinciarum
759 478 981 539 Rhenanarum
1002 477 1036 543 ln
1051 498 1181 561 magnas
1199 498 1273 561 per-

145 581 310 665 plenitates
341 603 378 646 ac
409 583 573 662 angustias
612 583 768 662 coniecti,
807 580 894 664 apud
925 582 1092 645 'l‘hronum
1131 585 1268 664 Regium

145 690 230 751 loeo
257 685 424 769 supplices
445 687 524 750 iacti
546 695 638 767 sunt,
665 693 700 749 ut
722 672 896 750 anxietates
920 708 992 751 suar
1016 690 1160 752 Romano
1183 690 1272 751 Pon·
1369 677 1373 685 ⁴

144 793 216 858 tifiei
242 813 423 876 exponere,
447 795 487 856 ab
509 812 611 876 eoque
634 813 791 878 congruas
814 795 1043 857 instructiones
1067 802 1100 857 et
1120 795 1271 857 inviatio·

141 921 191 963 nes
219 900 257 961 in
279 900 415 962 materia
446 906 512 961 tam
542 899 642 961 ardua
671 905 782 979 petere
812 900 876 962 sibi
897 896 1020 964 liceret.
1060 901 1181 979 Annuit
1201 900 1272 963 Rex

139 1007 291 1089 precibus
325 1006 580 1088 Episcoporum,
612 1003 696 1067 datis
729 1002 770 1066 ad
803 993 1057 1087 unumquemque
1088 1005 1272 1069 eorumdem
1371 992 1373 1000 ¹

139 1111 241 1175 literis
265 1115 322 1173 28.
338 1111 434 1174 Febr.
455 1104 618 1184 1828.⁸⁵⁴)
649 1116 700 1172 ast
728 1112 761 1172 in
782 1106 889 1172 literis
915 1109 967 1173 hls
990 1113 1059 1174 Rex
1080 1132 1143 1174 non
1166 1109 1272 1174 solum

137 1218 170 1281 id
188 1216 404 1296 manifestat,
428 1215 513 1298 quod
534 1235 572 1278 ex
585 1222 690 1278 mente
712 1214 821 1296 legum
843 1218 1030 1296 parentibus
1052 1215 1271 1281 tantummodo

139 1322 245 1406 quoad
269 1328 363 1384 natas
385 1320 495 1403 proles
519 1323 552 1383 in
575 1340 711 1401 quanam
732 1321 890 1404 religione
913 1322 1094 1386 educandas
1115 1323 1168 1387 ius
1186 1341 1272 1386 com-

140 1436 226 1513 petat
250 1426 458 1490 amicabilem
479 1427 612 1489 ineundi
632 1429 902 1507 transactionem,
930 1449 994 1490 non
1016 1433 1121 1492 autem
1143 1428 1272 1509 sponsls

144 1534 244 1614 quoad
265 1531 379 1616 proles
393 1534 532 1615 primum
549 1535 616 1595 Deo
639 1533 734 1595 dante
750 1532 993 1617 suscipiendas,
1011 1553 1049 1594 ac
1068 1534 1160 1614 proin
1176 1531 1272 1596 Clero

151 1638 315 1702 catholico
332 1641 493 1720 integrum
507 1660 570 1700 non
587 1639 650 1719 sit,
675 1641 805 1719 sponsis
824 1640 909 1701 circa
927 1640 1075 1702 meritum
1093 1638 1181 1701 istud
1199 1643 1272 1700 ante

152 1745 381 1828 capulationem
418 1762 539 1826 ponere
555 1746 812 1826 quaestionem,
850 1746 890 1808 ab
913 1765 1012 1827 eaque
1034 1744 1276 1827 copulationem

145 1851 240 1936 ipsam
260 1850 476 1933 suspendere:
498 1869 606 1913 verum
630 1851 745 1930 otiam,
768 1850 854 1932 quod
874 1871 938 1913 non
964 1852 1033 1913 sine
1057 1850 1272 1913 admiratione

143 1965 308 2038 nummus,
329 1958 373 2020 iis
396 1958 493 2019 rebus
508 1958 577 2019 Rex
594 1956 782 2019 Protestans
807 1976 878 2020 sese
899 1957 1037 2037 ingerit,
1060 1957 1189 2036 quaein
1205 1961 1273 2018 tota

142 2044 302 2146 religione
319 2069 394 2126 sunt
409 2065 643 2142 sanctissimae,
661 2064 795 2124 secretis
806 2061 955 2125 videlieet
965 2063 1057 2125 Sacri
1066 2058 1271 2138 Tribunalis3

146 2189 211 2233 mm
228 2169 310 2232 dum
331 2170 505 2250 Episcopis
527 2166 871 2250 facultatemlargltur
893 2168 935 2230 ad
958 2167 1074 2230 Sedem
1096 2168 1273 2230 Romanam

146 2281 243 2340 semet
266 2275 496 2357 convertendi,
519 2272 615 2337 sirnul
635 2272 711 2338 illos
729 2276 955 2357 quadamtenus
979 2280 1143 2353 provocat,
1164 2279 1200 2335 ut
1214 2291 1273 2355 pa·

95 2391 100 2477 ’,
149 2383 260 2445 rochos
292 2401 331 2443 eo
360 2383 501 2461 invient,
532 2401 571 2442 ne
603 2384 686 2459 parti
710 2379 905 2460 catholicae,
936 2400 1017 2463 quae
1049 2381 1118 2442 siue
1148 2377 1272 2442 cautela

95 2498 100 2586 Ξ
149 2485 181 2549 de
203 2486 395 2549 educatione
417 2485 556 2568 prolium
572 2485 732 2550 catholica
753 2508 772 2548 a
793 2487 940 2548 ministro
962 2487 1194 2565 protestantico
1217 2505 1273 2545 co·

95 2623 97 2665 3
149 2592 254 2673 pulata
276 2591 360 2671 fuit,
388 2592 431 2654 ad
453 2592 690 2654 Sacramentum
713 2593 934 2654 Poenitentiae
957 2589 1121 2653 accedenti
1142 2595 1273 2650 absolu·

151 2696 499 2779 tionemssdenegentltt
531 2699 566 2759 ln
584 2696 700 2758 iisdem
722 2694 825 2758 literis
847 2695 882 2757 id
896 2698 1027 2777 insuper
1048 2692 1193 2756 absolute
1216 2693 1272 2756 de-

151 2803 267 2869 siderat
287 2805 377 2889 Rex,
406 2809 441 2865 ut
468 2800 744 2883 promulgationes
775 2802 943 2863 mixtarum
971 2802 1153 2882 nuptiarum
1183 2797 1272 2861 nullo

151 2910 175 2972 lu
196 2931 276 2975 casu
298 2910 557 2972 intermittantur.

245 3015 384 3078 Intentio
408 3017 509 3096 Regia
538 3014 645 3095 quoad
665 3011 939 3095 promulgationes
963 3015 1132 3075 mixtorum
1162 3013 1272 3074 matri-

95 3103 103 3208 ξ
151 3123 325 3184 iconiorum
354 3123 546 3204 aparochis
571 3121 738 3182 catholicis
776 3120 863 3182 haud
891 3139 1029 3200 unquam
1058 3119 1271 3181 intermitten-

95 3262 103 3313 l

95 3368 100 3395 r
153 3335 228 3396 nime
252 3332 470 3414 denegandam
491 3334 524 3395 in
541 3334 654 3424 Regiis
676 3332 781 3394 literis
803 3330 932 3414 prodita
950 3331 1082 3392 uberius
1102 3330 1206 3391 adhue
1223 3329 1272 3389 in·
1381 3362 1383 3366 ·

152 3225 220 3309 das,
245 3234 277 3290 et
299 3226 535 3291 absolutionem
557 3229 661 3308 partis
692 3223 870 3312 catholicae
901 3227 933 3287 in
957 3227 990 3286 S.
1010 3223 1179 3287 Tribunali
1211 3225 1271 3284 mi-

153 3439 304 3522 telligiiur
327 3459 344 3501 e
365 3437 489 3518 literis,
512 3458 590 3517 queas
613 3438 726 3500 eodem
748 3441 779 3499 in
803 3437 917 3498 merito
946 3436 1156 3497 Minister
1179 3430 1274 3494 eul-

155 3548 235 3626 tus,
267 3546 316 3607 ab
345 3543 599 3607 Altenstein
628 3542 681 3606 dd.
709 3549 758 3606 10.
775 3544 873 3606 Mart.
895 3544 988 3603 1828.
1018 3538 1060 3601 ad
1089 3539 1272 3620 Episcopus

123 3650 127 3674 ¹
158 3647 323 3714 lilrenauos
346 3649 478 3712 dimisit.
507 3648 653 3731 Epistola
685 3650 765 3712 haee
789 3648 933 3710 Ministri
955 3645 1070 3725 Regii,
1100 3664 1193 3726 quam
1224 3645 1274 3706 in·
1372 3703 1373 3706 ,

160 3757 199 3818 ter
218 3762 427 3820 Monumeaco
454 3757 599 3820 sistimus
617 3753 698 3834 ³⁵⁵),
726 3753 837 3820 multis
868 3773 905 3818 ex
928 3753 1092 3816 obtutibus
1122 3752 1155 3814 in
1178 3770 1271 3832 prae-

164 3939 393 3963 Q—-n——n

116 4104 120 4113 ’
219 4115 282 4183 aaa)
310 4121 402 4171 uon.
426 4111 503 4172 ruet
521 4132 584 4185 pag.
603 4118 664 4171 177.

220 4193 665 4279 &mmmmm
