2798 4838
559 247 786 323 -lbt-

112 397 139 458 in
154 395 269 479 specie
290 399 397 459 autem
412 391 517 476 quoad
533 393 734 458 matrimonia
753 394 836 455 inter
853 388 1042 458 catholicos
1064 399 1097 457 et
1118 392 1233 458 Proto-

116 509 227 565 rtautes
249 501 392 565 ineunda
413 497 594 582 pertulere,
616 500 657 563 ad
679 519 819 563 normam
840 499 1006 563 memorati
1020 498 1157 564 Articuli
1180 519 1233 563 ex·

116 607 193 689 gere
214 608 418 689 satagebant.
439 605 638 686 Fatendum,
661 625 699 669 er
718 606 779 667 hoc
801 612 945 687 tempore
980 595 1077 669 nlr'nie
1106 614 1234 669 auctum

117 713 208 777 luisse
230 714 405 775 mixtorum
435 712 707 773 matrimoniorum
736 730 918 789 numerum,
950 712 1023 789 quia
1055 689 1147 790 leges
1175 727 1234 789 per

117 817 277 901 Principes
304 815 391 881 latae
419 816 590 879 admodum
619 814 814 879 favorabiles
844 835 904 898 pro
935 817 977 879 ils
1005 814 1233 881 contrahendis

116 923 311 987 conditiones
333 923 627 1005 praescripserunt,
649 921 839 1004 praesertim
861 921 894 984 in
913 920 1092 986 Provinciis
1113 919 1234 983 lintho-

113 1025 199 1107 lleie,
221 1047 306 1111 quas
329 1047 390 1109 pax
411 1035 486 1109 post
506 1047 614 1091 casum
635 1024 834 1106 Napoleonis
856 1028 1035 1110 composite
1047 1027 1233 1106 Principum

113 1133 419 1199 Proteetantlcornm
443 1131 617 1197 dominatui
639 1131 785 1197 credidit.
808 1131 875 1196 Sed
894 1132 957 1195 hoe
974 1134 1046 1215 lpro
1064 1129 1156 1213 leges
1172 1131 1232 1193 hae

112 1239 281 1323 principiis
313 1236 492 1302 Catholicis
529 1240 633 1301 minus
664 1257 841 1323 consonae,
876 1240 943 1303 imo
979 1237 1233 1320 praeiudiciorum

112 1352 208 1409 mant.
230 1343 404 1424 Principes
426 1345 509 1406 enim
532 1345 722 1406 arbitrantes
754 1365 788 1407 re
811 1364 883 1408 cum
915 1345 1010 1409 terris
1033 1339 1171 1425 populos
1201 1347 1233 1404 et

112 1471 178 1515 erm
198 1450 254 1512 his
279 1447 376 1511 tidem
399 1469 524 1530 quoque
540 1471 578 1512 ac
590 1449 777 1530 religionem
801 1449 982 1532 accepisse:
1004 1455 1076 1512 utut
1091 1444 1232 1510 solenni-

112 1557 170 1629 bus
205 1555 316 1617 verbis
354 1553 550 1617 liberrimum
589 1556 819 1637 spoponderint
852 1551 1021 1636 religionis
1048 1551 1234 1626 Catholicae

119 1662 299 1725 exercitium
321 1661 452 1740 eiusque
474 1659 713 1743 privilegiorum
735 1682 772 1724 ac
794 1661 1083 1742 praerogativarum
1103 1677 1233 1720 conser-

125 1768 291 1842 vationem
322 1785 396 1829 mox
417 1773 521 1829 tamen
544 1767 712 1849 Rescripta
742 1767 775 1829 in
803 1767 944 1831 favorem
966 1763 1234 1844 Protestcutlum,

125 1879 156 1939 ei
171 1872 290 1937 mirram
316 1871 540 1936 Catholicismi
561 1872 655 1937 edere
677 1873 870 1955 pergebant,
893 1871 927 1935 in
947 1870 1056 1935 mixtis
1070 1869 1233 1933 matrimo-

120 1977 177 2047 eth
196 1985 308 2041 cetera
329 1979 414 2040 inter
434 1975 569 2040 liberam
592 1977 631 2040 de
651 1977 797 2060 prolibus
818 1975 957 2057 qualiter
977 1973 1153 2041 educandis
1176 1995 1233 2054 pa-

119 2085 246 2147 ctionem
272 2085 341 2145 suis
365 2081 493 2163 quidem
514 2082 726 2164 vindicando,
754 2081 924 2147 catholicis
944 2088 1051 2146 autem
1077 2079 1232 2162 negando.

119 2188 173 2259 ist
190 2187 284 2273 quod
304 2188 357 2250 his
378 2190 481 2251 maius
502 2196 571 2268 est,
600 2189 748 2253 adierunt
774 2197 840 2252 tum
861 2187 1028 2253 blanditiis
1057 2193 1123 2251 tum
1154 2186 1232 2248 lusi-

119 2290 177 2359 itb
198 2293 412 2371 Catholicos,
436 2301 471 2357 ut
491 2294 572 2357 hauc
593 2296 779 2378 propaginis
798 2292 974 2365 catholicae
992 2293 1233 2357 dlminutiouem

120 2406 258 2465 menter
278 2401 541 2481 comprobarent,
569 2403 820 2483 sacramentique
851 2402 1023 2465 scissuram
1052 2397 1149 2463 nihili
1174 2397 1233 2460 ha-

120 2504 243 2587 herent,
266 2512 301 2568 ut
323 2506 369 2567 ita
391 2504 517 2567 deserta
541 2507 631 2570 unice
654 2506 793 2571 salviflua
823 2507 888 2571 fide
909 2528 946 2571 ac
968 2502 1121 2584 ecelesia,
1154 2523 1232 2584 erga

123 2629 224 2673 omnes
248 2611 469 2674 confessiones
497 2610 649 2693 religiosa
678 2615 794 2677 animis
822 2599 973 2694 inligatur
1002 2610 1172 2675 tolerantia
1201 2617 1234 2670 et

123 2714 340 2779 indifferentia.
368 2715 488 2780 Allectl
511 2726 584 2780 srrnt
604 2716 696 2779 multi
718 2739 781 2780 non
803 2718 847 2781 de
868 2736 984 2798 genere
1006 2714 1109 2778 solum
1131 2713 1233 2775 laico-

125 2838 206 2902 rum,
227 2821 287 2885 sed
308 2829 340 2884 et
361 2823 578 2900 sacerdotum,
601 2843 735 2904 quorum
756 2822 901 2889 nonnulli
922 2821 988 2887 alta
1009 2840 1087 2882 voce
1108 2820 1232 2893 fronte·

126 2944 179 3007 qne
197 2927 349 3010 perfricta
372 2928 584 2991 defenderunt
601 2930 805 2991 matrimonia
827 2929 923 2992 mixta
951 2927 999 2990 uti
1025 2925 1136 3003 licita,
1166 2926 1231 2986 imo

125 3016 376 3097 commendarunt
398 3035 512 3110 etiam;
535 3032 591 3097 alli
613 3032 867 3114 dissimulando,
889 3036 1041 3116 pacisque
1064 3050 1158 3094 cauea
1175 3049 1232 3092 au-

126 3139 241 3212 luendo
263 3147 507 3217 concesserunt,
527 3140 773 3219 benedixerunt,
796 3141 1043 3212 sanctificarunt.
1065 3137 1163 3200 Pauci
1176 3155 1231 3197 vo·

126 3259 186 3307 cem
207 3247 368 3308 mittentes
389 3265 447 3326 pro
470 3248 592 3309 iurlbus
602 3243 769 3311 Ecclesiae
790 3249 1026 3325 animarumque
1048 3241 1231 3322 saluteque

127 3347 335 3413 saluberrimis
357 3352 562 3414 concionibus
586 3373 647 3433 qua
669 3355 799 3434 scriptis
822 3353 1016 3415 doctissimis
1033 3351 1231 3413 sanctitatem

128 3449 337 3534 firmamenti,
353 3453 592 3537 coniugalisque
619 3457 696 3519 fidei
726 3459 879 3520 unitatem
900 3455 1150 3539 propugnando,
1181 3452 1230 3512 di-

129 3563 265 3641 ⁸prrihus
285 3563 406 3642 nuptiis
429 3562 593 3628 anathema
618 3563 773 3624 dixerunt.

614 3708 650 3803 §-
677 3711 739 3784 er.

135 3837 258 3905 flletus
274 3799 400 3907 matr.
416 3847 647 3906 mixtorum
662 3847 709 3909 irr
725 3850 780 3908 ul.
797 3849 898 3908 linc.
909 3803 1230 3914 praecurrentes,

177 3940 274 4000 nbc
290 3941 658 4013 nrcneorurcerrm,
676 3944 719 4000 et
734 3944 785 4000 lt.
802 3937 1179 4008 wita-temnentes.

216 4057 397 4141 Magnus
419 4061 505 4125 Dux
527 4059 895 4142 Oldenburgieus,
917 4060 950 4123 in
973 4054 1132 4143 sequelam
1154 4074 1230 4118 eon·

129 4142 419 4284 ans
443 4164 635 4232 Viennensis
666 4167 805 4248 priorem
825 4162 930 4247 legem
953 4167 1025 4230 amq
1048 4165 1140 4227 1310·
1161 4155 1224 4230 err)

176 4307 252 4373 zet)
270 4314 305 4365 ei.
323 4309 344 4376 d.
363 4315 406 4365 78.
