2798 4838
604 255 832 328 -als-

78 389 80 395 ’
155 395 303 461 'civilibus
328 398 373 460 'es
393 416 467 461 asse
495 397 689 461 conformem
712 399 968 478 consurrexerit,
1000 398 1170 481 datamque
1193 421 1264 464 oem-

155 505 248 568 sione
268 505 521 586 innagmationis
543 525 621 568 suae
643 505 726 585 Regi
749 503 911 567 solennem
933 503 1103 570 fidelitatis
1125 515 1164 569 ac
1180 506 1265 571 suile-

155 612 273 674 ctiouis
293 611 530 693 professionem
551 609 738 691 violaverit,
766 612 907 691 graviter
937 611 1214 694 expostulavis'se,
1236 612 1266 675 il-

139 713 257 783 ‘tuave
286 719 357 780 sino
378 737 467 779 mora
491 716 533 780 ad
552 737 633 779 onrrs
654 718 875 798 responsionis
902 717 935 778 iu
959 720 1046 780 omni
1069 721 1150 781 iuris
1181 720 1265 782 forma

152 822 274 887 attrahi
300 824 464 886 iussissei
492 824 580 885 llaec
610 842 705 903 sane,
737 843 818 905 quac
840 823 909 885 Rex
937 823 1090 902 adversus
1111 827 1265 907 Arcbiepi-

152 948 286 1021 scopum
309 928 451 992 decrevit
479 949 548 991 cum
571 927 697 993 solenni
729 929 871 992 eiusdem
893 930 1067 1010 sponsione
1086 952 1197 1016 super
1213 953 1269 994 ma·

152 1033 332 1099 nutcuends
356 1018 597 1098 (laibolicorum
628 1037 844 1098 conscientiae
875 1055 913 1098 ac
935 1035 1102 1118 religionis
1132 1036 1279 1109 libertate

152 1138 329 1204 conciliare
348 1160 410 1203 non
431 1139 582 1203 valemus.
593 1139 655 1214 ⁶⁰⁵)

254 1252 430 1326 Supremos
457 1251 643 1310 Provinciae
672 1251 897 1311 Pomeauieneia
925 1251 1060 1310 Pracses
1090 1269 1109 1316 u
1139 1246 1275 1312 Flott·

151 1350 268 1434 uell,
290 1360 422 1433 accepto
447 1355 549 1435 liegio
571 1351 745 1432 Mandato,
773 1353 814 1415 ad
836 1348 1123 1435 drcbiepiscopuur
1146 1375 1182 1417 se
1201 1376 1290 1418 con-

151 1456 243 1538 tulit,
264 1478 400 1539 eumque
422 1457 466 1521 ad·
478 1457 711 1522 retractandam
727 1457 921 1539 encyclicam
941 1479 1028 1522 suam
1048 1458 1175 1522 literam
1195 1468 1290 1522 taru-

149 1583 241 1644 quam
271 1561 398 1645 legibus
422 1567 526 1646 Regni
556 1563 848 1626 fundamentalibus
880 1569 911 1626 et
934 1567 1103 1648 principiis
1132 1568 1284 1648 Regini-

32 1706 35 1711 ‹
148 1671 199 1732 nis
221 1669 386 1733 adversam
407 1673 534 1734 nornine
551 1672 656 1752 Regio
678 1689 871 1754 provocare,
896 1691 1002 1732 casum
1024 1679 1128 1733 autern
1149 1675 1179 1734 in
1196 1694 1282 1734 con-

148 1778 280 1839 trarium
305 1778 497 1840 erectionem
517 1796 686 1856 processus
712 1781 889 1839 criminalis
917 1777 1068 1839 adsersus
1092 1778 1276 1841 Praelaturn

144 1882 339 1946 -annrrnciare
356 1902 426 1947 son
445 1882 625 1961 ducitavit,
654 1901 723 1959 rona,
738 1884 966 1965 proponendo,
996 1904 1014 1945 a
1038 1885 1141 1972 Regia
1161 1883 1275 1947 volun-

142 1995 329 2073 tatequanr
350 1987 539 2072 longissime
560 1990 694 2068 abesse,
716 1995 752 2052 st
767 1988 882 2055 Cieros
901 1989 1090 2065 Catholicae
1113 1990 1155 2053 sd
1176 1993 1270 2053 beoc-

146 2089 319 2159 dictionem
332 2090 615 2161 matrimoniorum
636 2096 807 2205 mixtorum
829 2102 980 2176 cogatur,
1001 2095 1175 2217 taliterque
1194 2115 1265 2161 oon-

146 2203 299 2265 scientiae
313 2202 390 2265 elus
412 2203 460 2264 tis
483 2201 648 2264 inferatur.
748 2208 751 2214 '
786 2232 792 2239 ·

155 2331 156 2335 ’
247 2308 549 2391 mentepnmpus
539 2328 571 2373 ιιι
595 2304 810 2373 declaratione
840 2327 898 2370 sua
928 2305 978 2371 ad
991 2309 1152 2390 praeviam
1172 2309 1257 2370 Prac-

143 2411 224 2477 sidis
247 2416 439 2496 provinciae
455 2415 718 2497 provocationem
749 2413 802 2476 dd.
826 2419 876 2475 20.
893 2411 997 2495 April.
1024 2419 1117 2476 1838.
1140 2413 1251 2476 reddita
1288 2454 1290 2503 Ι

143 2540 233 2589 snam
255 2521 434 2603 eqrridern
423 2541 457 2596 m
479 2522 545 2606 iis,
572 2541 652 2602 quae
682 2517 786 2581 civilis
817 2525 891 2580 suunt
922 2519 1066 2598 ordinis,
1097 2506 1290 2601 subjectio-¹

138 2647 213 2691 uem
244 2647 280 2691 ac
302 2626 522 2701 obedientiam
546 2626 721 2705 identidem
752 2623 936 2687 solennibus
966 2627 1072 2688 verbis
1102 2629 1248 2688 confirma·

142 2735 203 2805 sit:
232 2741 266 2799 at
293 2735 435 2805 vicissim
460 2732 571 2816 *quoad
601 2730 678 2811 illa,
708 2751 787 2823 quae
816 2729 987 2810 religionis
1019 2739 1114 2811 sunt,
1145 2752 1177 2795 se
1197 2733 1246 2794 lieo

141 2837 310 2917 (ὶιιιιίιιςιῐ,
335 2847 367 2912 et
382 2838 514 2921 Visibili
534 2818 701 2913 Ecclesiae
725 2838 834 2917 Capiti
857 2857 952 2897 onere
974 2840 1192 2920 responsionis
1211 2843 1244 2899 te·

141 2948 236 3026 scrip
254 2946 378 3015 pullum
400 2954 504 3018 erstem
536 2947 567 3007 in
591 2942 899 3027 casum-encyclicas
922 2941 1035 3005 literas
1058 2966 1093 3006 se
1116 2957 1242 3007 rovocare

140 3053 310 3131 posse‚·in
333 3049 458 3133 reliquo
482 3037 603 3131 summo
627 3070 696 3111 curm
721 3049 837 3112 solatio
862 3071 896 3112 se
918 3048 1119 3112 intellexisse
1141 3048 1241 3132 siguli·

136 3157 246 3230 tavit,
276 3156 417 3238 arrepta
448 3164 551 3230 mente
573 3154 689 3239 procul
719 3158 850 3238 abesse,
881 3163 917 3216 ut
939 3153 1054 3218 Clerus
1084 3157 1125 3218 ad
1148 3159 1239 3236 imper·

139 3260 280 3335 tiendam
301 3269 392 3327 mair.
411 3265 518 3330 mistis
538 3248 795 3324 benedictionem
818 3268 962 3342 cogatur.
995 3263 1027 3323 ln
1046 3258 1151 3324 literis
1167 3274 1239 3342 porro

128 3366 180 3437 ,οο
202 3373 255 3431 21.
272 3367 374 3450 April.
398 3389 425 3431 e.
442 3390 473 3444 a.
498 3368 582 3450 apud
605 3365 784 3453 Capitulum
810 3366 996 3428 Gnerrr'rene
1019 3367 1194 3449 disposuit,
1217 3364 1240 3423 ol

137 3471 313 3547 declaratio
337 3475 439 3554 Regia
458 3473 502 3537 de
524 3472 760 3536 manutenenda
773 3472 1013 3535 catholicorum
1036 3471 1197 3556 religionis
1211 3469 1239 3530 li·

124 3580 260 3647 bertatc
282 3578 403 3661 populo
435 3578 612 3659 solenniter
641 3581 866 3671 annuncietur,
897 3579 988 3660 isque
1011 3579 1053 3642 ad
1074 3580 1238 3643 fidelitates
1285 3599 1290 3645 ι

137 3693 170 3752 et
199 3686 391 3768 obsequium
421 3687 455 3751 in
486 3687 607 3759 cunctis
639 3689 735 3748 rebus
767 3683 915 3775 civilibus
938 3686 1021 3766 Regi
1052 3674 1236 3749 erueremus
1283 3697 1290 3738 ι

132 3798 385 3859 commonemur.
414 3793 451 3855 ln
474 3791 579 3871 literis
601 3791 729 3863 tandem
753 3791 793 3853 de
817 3792 867 3854 24.
882 3790 986 3871 April.
1011 3790 1052 3853 ad
1069 3793 1184 3874 Regem
1202 3784 1235 3848 di·
1282 3795 1290 3839 i

132 3896 244 3967 missis
262 3918 391 3973 rursum
414 3896 543 3982 plenam
560 3919 654 3977 suram
680 3899 713 3961 in
735 3899 831 3963 rebus
854 3895 1002 3958 civilibus
1032 3899 1233 3961 subiectiones
1280 3890 1290 4030 ζ

120 4046 123 4051 ¹
183 4038 272 4145 5⁶05)
291 4048 350 4120 be
357 4051 508 4132 lieseriptis
535 4069 603 4135 lieg'
578 4070 643 4130 vus,
664 4069 759 4130 quibus
787 4067 1053 4130 Arcbiepiscopns
1044 4082 1072 4118 ιιι
1090 4070 1141 4118 Jns
1162 4071 1229 4118 evoe·
1286 4065 1290 4115 i

170 4159 209 4224 ri,
221 4168 428 4223 processusque
453 4165 566 4211 contra
566 4159 641 4211 illam
660 4161 743 4226 errigr'
769 4161 813 4210 dis
798 4160 935 4223 spouitur,
954 4157 1048 4222 plnres
1066 4148 1227 4211 animadversi·
1284 4159 1290 4208 i

170 4267 237 4303 ones
257 4253 362 4314 positae
389 4260 533 4303 occurrunt
561 4255 586 4304 iu
617 4254 855 4315 iipbemeridibnsr
885 4251 1106 4303 svoeeiwrtscre
1131 4249 1223 4303 neria
1276 4246 1290 4301 0

103 4387 105 4391 ,
170 4345 282 4405 scitum.
302 4331 392 4394 1008.
411 4358 436 4404 p.
456 4341 522 4395 471.
1280 4343 1281 4351 ’
